[
    {
        "BRAND": "ST",
        "CHANNEL": "더카트골프",
        "DIVISION": "프로모션",
        "PROMO_TYPE": "자체",
        "IS_EXCLUSIVE": false,
        "PROMO_NAME": "WINTER WANDERLUST",
        "START_DATE": "2025-01-06",
        "END_DATE": "2025-01-19",
        "STATUS": "closed",
        "SLOT": "",
        "IMAGE_URL": "",
        "BENEFIT_TYPE": "쿠폰",
        "BENEFIT_DETAIL": "16%, 10%",
        "GOAL_SALES": 0,
        "MD_COMMENT": "",
        "ACTUAL_SALES": 3871500,
        "DAILY_TREND": [
            202300,
            322800,
            244000,
            665600,
            542200,
            0,
            0,
            668500,
            412600,
            351700,
            402500,
            59300,
            0,
            0
        ]
    },
    {
        "BRAND": "ST",
        "CHANNEL": "더카트골프",
        "DIVISION": "프로모션",
        "PROMO_TYPE": "자체",
        "IS_EXCLUSIVE": false,
        "PROMO_NAME": "설 선물 기획전",
        "START_DATE": "2025-01-20",
        "END_DATE": "2025-02-02",
        "STATUS": "closed",
        "SLOT": "",
        "IMAGE_URL": "",
        "BENEFIT_TYPE": "쿠폰",
        "BENEFIT_DETAIL": "16%, 10%",
        "GOAL_SALES": 0,
        "MD_COMMENT": "",
        "ACTUAL_SALES": 4869600,
        "DAILY_TREND": [
            1142200,
            354400,
            601000,
            175600,
            139000,
            0,
            0,
            1192300,
            0,
            0,
            0,
            1265100,
            0,
            0
        ]
    },
    {
        "BRAND": "ST",
        "CHANNEL": "더카트골프",
        "DIVISION": "프로모션",
        "PROMO_TYPE": "전사",
        "IS_EXCLUSIVE": false,
        "PROMO_NAME": "더카트 셀렉션  취합",
        "START_DATE": "2025-01-07",
        "END_DATE": "2025-01-20",
        "STATUS": "closed",
        "SLOT": "",
        "IMAGE_URL": "",
        "BENEFIT_TYPE": "쿠폰",
        "BENEFIT_DETAIL": "더카트부담 13% 쿠폰",
        "GOAL_SALES": 0,
        "MD_COMMENT": "",
        "ACTUAL_SALES": 4811400,
        "DAILY_TREND": [
            322800,
            244000,
            665600,
            542200,
            0,
            0,
            668500,
            412600,
            351700,
            402500,
            59300,
            0,
            0,
            1142200
        ]
    },
    {
        "BRAND": "ST",
        "CHANNEL": "더카트골프",
        "DIVISION": "프로모션",
        "PROMO_TYPE": "전사",
        "IS_EXCLUSIVE": false,
        "PROMO_NAME": "타임딜",
        "START_DATE": "2025-02-07",
        "END_DATE": "2025-02-09",
        "STATUS": "closed",
        "SLOT": "",
        "IMAGE_URL": "",
        "BENEFIT_TYPE": "즉시할인",
        "BENEFIT_DETAIL": "23FW 30% 인하 상품",
        "GOAL_SALES": 0,
        "MD_COMMENT": "",
        "ACTUAL_SALES": -189400,
        "DAILY_TREND": [
            -189400,
            0,
            0
        ]
    },
    {
        "BRAND": "ST",
        "CHANNEL": "더카트골프",
        "DIVISION": "기획전",
        "PROMO_TYPE": "자체",
        "IS_EXCLUSIVE": false,
        "PROMO_NAME": "봄 캠페인 1차 오픈",
        "START_DATE": "2025-02-10",
        "END_DATE": "2025-02-16",
        "STATUS": "closed",
        "SLOT": "",
        "IMAGE_URL": "",
        "BENEFIT_TYPE": "쿠폰, 사은품",
        "BENEFIT_DETAIL": "10% 쿠폰 + 사은품(양말)",
        "GOAL_SALES": 0,
        "MD_COMMENT": "",
        "ACTUAL_SALES": 8279000,
        "DAILY_TREND": [
            4544600,
            430500,
            805300,
            1700000,
            798600,
            0,
            0
        ]
    },
    {
        "BRAND": "ST",
        "CHANNEL": "더카트골프",
        "DIVISION": "프로모션",
        "PROMO_TYPE": "자체",
        "IS_EXCLUSIVE": false,
        "PROMO_NAME": "아울렛 주력",
        "START_DATE": "2025-02-17",
        "END_DATE": "2025-02-23",
        "STATUS": "closed",
        "SLOT": "",
        "IMAGE_URL": "",
        "BENEFIT_TYPE": "쿠폰, 사은품",
        "BENEFIT_DETAIL": "10% 쿠폰 + 사은품(양말)",
        "GOAL_SALES": 0,
        "MD_COMMENT": "",
        "ACTUAL_SALES": 7194600,
        "DAILY_TREND": [
            2902300,
            1443200,
            1211900,
            621300,
            1015900,
            0,
            0
        ]
    },
    {
        "BRAND": "ST",
        "CHANNEL": "더카트골프",
        "DIVISION": "프로모션",
        "PROMO_TYPE": "전사",
        "IS_EXCLUSIVE": false,
        "PROMO_NAME": "더카트 셀렉션",
        "START_DATE": "2025-02-13",
        "END_DATE": "2025-02-26",
        "STATUS": "closed",
        "SLOT": "",
        "IMAGE_URL": "",
        "BENEFIT_TYPE": "쿠폰",
        "BENEFIT_DETAIL": "다다",
        "GOAL_SALES": 0,
        "MD_COMMENT": "",
        "ACTUAL_SALES": 14523600,
        "DAILY_TREND": [
            1700000,
            798600,
            0,
            0,
            2902300,
            1443200,
            1211900,
            621300,
            1015900,
            0,
            0,
            496500,
            4333800,
            100
        ]
    },
    {
        "BRAND": "ST",
        "CHANNEL": "더카트골프",
        "DIVISION": "프로모션",
        "PROMO_TYPE": "전사",
        "IS_EXCLUSIVE": false,
        "PROMO_NAME": "히든세일",
        "START_DATE": "2025-02-17",
        "END_DATE": "2025-02-23",
        "STATUS": "closed",
        "SLOT": "",
        "IMAGE_URL": "",
        "BENEFIT_TYPE": "쿠폰",
        "BENEFIT_DETAIL": "20%or30% 쿠폰 (반반부담)",
        "GOAL_SALES": 0,
        "MD_COMMENT": "",
        "ACTUAL_SALES": 7194600,
        "DAILY_TREND": [
            2902300,
            1443200,
            1211900,
            621300,
            1015900,
            0,
            0
        ]
    },
    {
        "BRAND": "ST",
        "CHANNEL": "더카트골프",
        "DIVISION": "기획전",
        "PROMO_TYPE": "자체",
        "IS_EXCLUSIVE": false,
        "PROMO_NAME": "25SS NEW COLLECTION - 클래식한 매력으로 완성된 컬렉션",
        "START_DATE": "2025-03-07",
        "END_DATE": "2025-03-16",
        "STATUS": "closed",
        "SLOT": "",
        "IMAGE_URL": "",
        "BENEFIT_TYPE": "쿠폰, 사은품",
        "BENEFIT_DETAIL": "10% 장바구니 쿠폰+곰돌이키링",
        "GOAL_SALES": 0,
        "MD_COMMENT": "",
        "ACTUAL_SALES": 3904600,
        "DAILY_TREND": [
            273200,
            0,
            0,
            2171000,
            747600,
            986700,
            147000,
            -420900,
            0,
            0
        ]
    },
    {
        "BRAND": "ST",
        "CHANNEL": "더카트골프",
        "DIVISION": "기획전",
        "PROMO_TYPE": "자체",
        "IS_EXCLUSIVE": false,
        "PROMO_NAME": "25SS 연출컷 캠페인",
        "START_DATE": "2025-03-17",
        "END_DATE": "2025-03-23",
        "STATUS": "closed",
        "SLOT": "",
        "IMAGE_URL": "",
        "BENEFIT_TYPE": "쿠폰, 사은품",
        "BENEFIT_DETAIL": "10% 장바구니 쿠폰+곰돌이키링",
        "GOAL_SALES": 0,
        "MD_COMMENT": "",
        "ACTUAL_SALES": 5197900,
        "DAILY_TREND": [
            3051100,
            314900,
            1121600,
            13800,
            696500,
            0,
            0
        ]
    },
    {
        "BRAND": "ST",
        "CHANNEL": "더카트골프",
        "DIVISION": "프로모션",
        "PROMO_TYPE": "전사",
        "IS_EXCLUSIVE": false,
        "PROMO_NAME": "THE CART RUNWAY",
        "START_DATE": "2025-03-20",
        "END_DATE": "2025-03-26",
        "STATUS": "closed",
        "SLOT": "",
        "IMAGE_URL": "",
        "BENEFIT_TYPE": "쿠폰",
        "BENEFIT_DETAIL": "5만원이상 10%, 10만원이상 12% ",
        "GOAL_SALES": 0,
        "MD_COMMENT": "",
        "ACTUAL_SALES": 5445200,
        "DAILY_TREND": [
            13800,
            696500,
            0,
            0,
            4323200,
            -589400,
            1001100
        ]
    },
    {
        "BRAND": "ST",
        "CHANNEL": "더카트골프",
        "DIVISION": "프로모션",
        "PROMO_TYPE": "전사",
        "IS_EXCLUSIVE": false,
        "PROMO_NAME": "타임딜",
        "START_DATE": "2025-03-21",
        "END_DATE": "2025-03-23",
        "STATUS": "closed",
        "SLOT": "",
        "IMAGE_URL": "",
        "BENEFIT_TYPE": "즉시할인",
        "BENEFIT_DETAIL": "10% 인하",
        "GOAL_SALES": 0,
        "MD_COMMENT": "",
        "ACTUAL_SALES": 696500,
        "DAILY_TREND": [
            696500,
            0,
            0
        ]
    },
    {
        "BRAND": "ST",
        "CHANNEL": "더카트골프",
        "DIVISION": "기획전",
        "PROMO_TYPE": "자체",
        "IS_EXCLUSIVE": false,
        "PROMO_NAME": "25SS 뉴 시즌 뉴 타키니",
        "START_DATE": "2025-03-27",
        "END_DATE": "2025-04-07",
        "STATUS": "closed",
        "SLOT": "",
        "IMAGE_URL": "",
        "BENEFIT_TYPE": "쿠폰, 사은품",
        "BENEFIT_DETAIL": "10% 장바구니 쿠폰+곰돌이키링",
        "GOAL_SALES": 0,
        "MD_COMMENT": "",
        "ACTUAL_SALES": 5855010,
        "DAILY_TREND": [
            317300,
            327900,
            0,
            0,
            1468210,
            717000,
            399800,
            487600,
            660400,
            0,
            0,
            1476800
        ]
    },
    {
        "BRAND": "ST",
        "CHANNEL": "SSF샵",
        "DIVISION": "프로모션",
        "PROMO_TYPE": "자체",
        "IS_EXCLUSIVE": false,
        "PROMO_NAME": "WINTER WANDERLUST",
        "START_DATE": "2025-01-02",
        "END_DATE": "2025-01-12",
        "STATUS": "closed",
        "SLOT": "",
        "IMAGE_URL": "",
        "BENEFIT_TYPE": "쿠폰",
        "BENEFIT_DETAIL": "10% 쿠폰",
        "GOAL_SALES": 0,
        "MD_COMMENT": "",
        "ACTUAL_SALES": 7365100,
        "DAILY_TREND": [
            1147200,
            717800,
            0,
            0,
            3810100,
            199000,
            352700,
            -113700,
            1252000,
            0,
            0
        ]
    },
    {
        "BRAND": "ST",
        "CHANNEL": "SSF샵",
        "DIVISION": "프로모션",
        "PROMO_TYPE": "전사",
        "IS_EXCLUSIVE": false,
        "PROMO_NAME": "시즌오프 구매 시 페이백",
        "START_DATE": "2025-01-07",
        "END_DATE": "2025-01-20",
        "STATUS": "closed",
        "SLOT": "",
        "IMAGE_URL": "",
        "BENEFIT_TYPE": "쿠폰, 리워드",
        "BENEFIT_DETAIL": "20만원↑5%, 50만원↑10% 페이백 / 10% 쿠폰",
        "GOAL_SALES": 0,
        "MD_COMMENT": "",
        "ACTUAL_SALES": 7948000,
        "DAILY_TREND": [
            199000,
            352700,
            -113700,
            1252000,
            0,
            0,
            3787900,
            326200,
            237000,
            522600,
            -945000,
            0,
            0,
            2329300
        ]
    },
    {
        "BRAND": "ST",
        "CHANNEL": "SSF샵",
        "DIVISION": "프로모션",
        "PROMO_TYPE": "전사",
        "IS_EXCLUSIVE": false,
        "PROMO_NAME": "스포츠 & 아웃도어 임직원 통합전",
        "START_DATE": "2025-01-13",
        "END_DATE": "2025-01-24",
        "STATUS": "closed",
        "SLOT": "",
        "IMAGE_URL": "",
        "BENEFIT_TYPE": "쿠폰",
        "BENEFIT_DETAIL": "10% or 15% 쿠폰",
        "GOAL_SALES": 0,
        "MD_COMMENT": "",
        "ACTUAL_SALES": 10451500,
        "DAILY_TREND": [
            3787900,
            326200,
            237000,
            522600,
            -945000,
            0,
            0,
            2329300,
            427000,
            2489600,
            1177400,
            99500
        ]
    },
    {
        "BRAND": "ST",
        "CHANNEL": "SSF샵",
        "DIVISION": "프로모션",
        "PROMO_TYPE": "전사",
        "IS_EXCLUSIVE": false,
        "PROMO_NAME": "72시간(주말) 특가",
        "START_DATE": "2025-01-17",
        "END_DATE": "2025-01-19",
        "STATUS": "closed",
        "SLOT": "",
        "IMAGE_URL": "",
        "BENEFIT_TYPE": "쿠폰",
        "BENEFIT_DETAIL": "24FW : 30% 상품쿠폰 + 24SS : 10% 상품쿠폰",
        "GOAL_SALES": 0,
        "MD_COMMENT": "",
        "ACTUAL_SALES": -945000,
        "DAILY_TREND": [
            -945000,
            0,
            0
        ]
    },
    {
        "BRAND": "ST",
        "CHANNEL": "SSF샵",
        "DIVISION": "프로모션",
        "PROMO_TYPE": "전사",
        "IS_EXCLUSIVE": false,
        "PROMO_NAME": "25 S/S + 설 선물 제안",
        "START_DATE": "2025-01-20",
        "END_DATE": "2025-01-26",
        "STATUS": "closed",
        "SLOT": "",
        "IMAGE_URL": "",
        "BENEFIT_TYPE": "쿠폰",
        "BENEFIT_DETAIL": "행사상품 15% 쿠폰(24FW 30% 인하->10% 상품쿠폰)",
        "GOAL_SALES": 0,
        "MD_COMMENT": "",
        "ACTUAL_SALES": 6522800,
        "DAILY_TREND": [
            2329300,
            427000,
            2489600,
            1177400,
            99500,
            0,
            0
        ]
    },
    {
        "BRAND": "ST",
        "CHANNEL": "SSF샵",
        "DIVISION": "프로모션",
        "PROMO_TYPE": "전사",
        "IS_EXCLUSIVE": false,
        "PROMO_NAME": "48시간 특가",
        "START_DATE": "2025-01-20",
        "END_DATE": "2025-01-22",
        "STATUS": "closed",
        "SLOT": "",
        "IMAGE_URL": "",
        "BENEFIT_TYPE": "즉시할인",
        "BENEFIT_DETAIL": "즉시할인 30%(반반부담)",
        "GOAL_SALES": 0,
        "MD_COMMENT": "",
        "ACTUAL_SALES": 5245900,
        "DAILY_TREND": [
            2329300,
            427000,
            2489600
        ]
    },
    {
        "BRAND": "ST",
        "CHANNEL": "SSF샵",
        "DIVISION": "프로모션",
        "PROMO_TYPE": "전사",
        "IS_EXCLUSIVE": false,
        "PROMO_NAME": "설 이벤트 쿠폰 & 코인 페이백",
        "START_DATE": "2025-01-22",
        "END_DATE": "2025-01-31",
        "STATUS": "closed",
        "SLOT": "",
        "IMAGE_URL": "",
        "BENEFIT_TYPE": "쿠폰, 리워드",
        "BENEFIT_DETAIL": "5%/10%/20%/50% 럭키 쿠폰 드로우",
        "GOAL_SALES": 0,
        "MD_COMMENT": "",
        "ACTUAL_SALES": 12630400,
        "DAILY_TREND": [
            2489600,
            1177400,
            99500,
            0,
            0,
            5324600,
            0,
            0,
            0,
            3539300
        ]
    },
    {
        "BRAND": "ST",
        "CHANNEL": "SSF샵",
        "DIVISION": "프로모션",
        "PROMO_TYPE": "전사",
        "IS_EXCLUSIVE": false,
        "PROMO_NAME": "72시간(주말) 특가",
        "START_DATE": "2025-01-31",
        "END_DATE": "2025-02-02",
        "STATUS": "closed",
        "SLOT": "",
        "IMAGE_URL": "",
        "BENEFIT_TYPE": "쿠폰",
        "BENEFIT_DETAIL": "20%",
        "GOAL_SALES": 0,
        "MD_COMMENT": "",
        "ACTUAL_SALES": 3539300,
        "DAILY_TREND": [
            3539300,
            0,
            0
        ]
    },
    {
        "BRAND": "ST",
        "CHANNEL": "SSF샵",
        "DIVISION": "프로모션",
        "PROMO_TYPE": "자체",
        "IS_EXCLUSIVE": false,
        "PROMO_NAME": "아울렛 메인 배너",
        "START_DATE": "2025-02-03",
        "END_DATE": "2025-02-09",
        "STATUS": "closed",
        "SLOT": "",
        "IMAGE_URL": "",
        "BENEFIT_TYPE": "",
        "BENEFIT_DETAIL": "아울렛 인하 상품",
        "GOAL_SALES": 0,
        "MD_COMMENT": "",
        "ACTUAL_SALES": 8208800,
        "DAILY_TREND": [
            1823900,
            1958900,
            1620600,
            925200,
            1880200,
            0,
            0
        ]
    },
    {
        "BRAND": "ST",
        "CHANNEL": "SSF샵",
        "DIVISION": "프로모션",
        "PROMO_TYPE": "전사",
        "IS_EXCLUSIVE": false,
        "PROMO_NAME": "72시간(주말) 특가",
        "START_DATE": "2025-02-07",
        "END_DATE": "2025-02-09",
        "STATUS": "closed",
        "SLOT": "",
        "IMAGE_URL": "",
        "BENEFIT_TYPE": "즉시할인",
        "BENEFIT_DETAIL": "즉시할인 35%(SSF:셀러->2:1)",
        "GOAL_SALES": 0,
        "MD_COMMENT": "",
        "ACTUAL_SALES": 1880200,
        "DAILY_TREND": [
            1880200,
            0,
            0
        ]
    },
    {
        "BRAND": "ST",
        "CHANNEL": "SSF샵",
        "DIVISION": "프로모션",
        "PROMO_TYPE": "자체",
        "IS_EXCLUSIVE": false,
        "PROMO_NAME": "[25S/S 신상 발매] 봄 캠페인 1차 오픈",
        "START_DATE": "2025-02-10",
        "END_DATE": "2025-02-17",
        "STATUS": "closed",
        "SLOT": "",
        "IMAGE_URL": "",
        "BENEFIT_TYPE": "쿠폰, 사은품",
        "BENEFIT_DETAIL": "10% 쿠폰 + 사은품 ((10% 장바구니 쿠폰 (SSF SHOP 지원 요청)) + 사은품 증정 (10만원 이상 구매 고객 – 양말, 30만원 – 파우치)",
        "GOAL_SALES": 0,
        "MD_COMMENT": "",
        "ACTUAL_SALES": 11398700,
        "DAILY_TREND": [
            5321900,
            1819200,
            1092200,
            768000,
            646900,
            0,
            0,
            1750500
        ]
    },
    {
        "BRAND": "ST",
        "CHANNEL": "SSF샵",
        "DIVISION": "프로모션",
        "PROMO_TYPE": "전사",
        "IS_EXCLUSIVE": false,
        "PROMO_NAME": "신학기프로모션",
        "START_DATE": "2025-02-10",
        "END_DATE": "2025-02-18",
        "STATUS": "closed",
        "SLOT": "",
        "IMAGE_URL": "",
        "BENEFIT_TYPE": "쿠폰, 리워드",
        "BENEFIT_DETAIL": "20-30% 장바구니(SSF) 페이백(50%~15%)",
        "GOAL_SALES": 0,
        "MD_COMMENT": "",
        "ACTUAL_SALES": 12186700,
        "DAILY_TREND": [
            5321900,
            1819200,
            1092200,
            768000,
            646900,
            0,
            0,
            1750500,
            788000
        ]
    },
    {
        "BRAND": "ST",
        "CHANNEL": "SSF샵",
        "DIVISION": "프로모션",
        "PROMO_TYPE": "전사",
        "IS_EXCLUSIVE": false,
        "PROMO_NAME": "2월 Focus On",
        "START_DATE": "2025-02-10",
        "END_DATE": "2025-02-19",
        "STATUS": "closed",
        "SLOT": "",
        "IMAGE_URL": "",
        "BENEFIT_TYPE": "쿠폰",
        "BENEFIT_DETAIL": "SSF 부담 추가 쿠폰 진행 (10/15%)",
        "GOAL_SALES": 0,
        "MD_COMMENT": "",
        "ACTUAL_SALES": 13328300,
        "DAILY_TREND": [
            5321900,
            1819200,
            1092200,
            768000,
            646900,
            0,
            0,
            1750500,
            788000,
            1141600
        ]
    },
    {
        "BRAND": "ST",
        "CHANNEL": "SSF샵",
        "DIVISION": "프로모션",
        "PROMO_TYPE": "전사",
        "IS_EXCLUSIVE": false,
        "PROMO_NAME": "얼리 봄 신상",
        "START_DATE": "2025-02-19",
        "END_DATE": "2025-02-28",
        "STATUS": "closed",
        "SLOT": "",
        "IMAGE_URL": "",
        "BENEFIT_TYPE": "쿠폰, 리워드",
        "BENEFIT_DETAIL": "SSF부담 7% 추가 쿠폰 /SSF부담 퍼플 코인 페이백",
        "GOAL_SALES": 0,
        "MD_COMMENT": "",
        "ACTUAL_SALES": 10271400,
        "DAILY_TREND": [
            1141600,
            464300,
            982600,
            0,
            0,
            3612900,
            901200,
            1100700,
            1059900,
            1008200
        ]
    },
    {
        "BRAND": "ST",
        "CHANNEL": "SSF샵",
        "DIVISION": "프로모션",
        "PROMO_TYPE": "전사",
        "IS_EXCLUSIVE": false,
        "PROMO_NAME": "PICK ONE 추구미",
        "START_DATE": "2025-02-24",
        "END_DATE": "2025-03-04",
        "STATUS": "closed",
        "SLOT": "",
        "IMAGE_URL": "",
        "BENEFIT_TYPE": "쿠폰, 리워드",
        "BENEFIT_DETAIL": "SSF 부담 추가 쿠폰 진행 (5/7/10/20%)/SSF 부담 퍼플 코인 페이백 진행",
        "GOAL_SALES": 0,
        "MD_COMMENT": "",
        "ACTUAL_SALES": 9996900,
        "DAILY_TREND": [
            3612900,
            901200,
            1100700,
            1059900,
            1008200,
            0,
            0,
            0,
            2314000
        ]
    },
    {
        "BRAND": "ST",
        "CHANNEL": "SSF샵",
        "DIVISION": "프로모션",
        "PROMO_TYPE": "자체",
        "IS_EXCLUSIVE": false,
        "PROMO_NAME": "25SS NEW COLLECTION - 클래식한 매력으로 완성된 컬렉션",
        "START_DATE": "2025-03-07",
        "END_DATE": "2025-03-16",
        "STATUS": "closed",
        "SLOT": "",
        "IMAGE_URL": "",
        "BENEFIT_TYPE": "쿠폰, 사은품",
        "BENEFIT_DETAIL": "10% 상품쿠폰(SSF부담) / 곰돌이 키링 + 15% 쿠폰 일부 적용",
        "GOAL_SALES": 0,
        "MD_COMMENT": "",
        "ACTUAL_SALES": 4792600,
        "DAILY_TREND": [
            -423600,
            0,
            0,
            2924500,
            740500,
            538300,
            828000,
            184900,
            0,
            0
        ]
    },
    {
        "BRAND": "ST",
        "CHANNEL": "SSF샵",
        "DIVISION": "프로모션",
        "PROMO_TYPE": "전사",
        "IS_EXCLUSIVE": false,
        "PROMO_NAME": "[통합] 브랜드위크",
        "START_DATE": "2025-03-10",
        "END_DATE": "2025-03-16",
        "STATUS": "closed",
        "SLOT": "",
        "IMAGE_URL": "",
        "BENEFIT_TYPE": "쿠폰, 리워드",
        "BENEFIT_DETAIL": "SSF 부담 무제한 추가 쿠폰 진행 (5/10/20%) + 퍼플코인 + 구매 금액대별 페이백",
        "GOAL_SALES": 0,
        "MD_COMMENT": "",
        "ACTUAL_SALES": 5216200,
        "DAILY_TREND": [
            2924500,
            740500,
            538300,
            828000,
            184900,
            0,
            0
        ]
    },
    {
        "BRAND": "ST",
        "CHANNEL": "SSF샵",
        "DIVISION": "프로모션",
        "PROMO_TYPE": "전사",
        "IS_EXCLUSIVE": false,
        "PROMO_NAME": "[통합] 스웨트셔츠 & 후디 페스타 / [통합] 패션잡화 통합 프로모션",
        "START_DATE": "2025-03-17",
        "END_DATE": "2025-03-27",
        "STATUS": "closed",
        "SLOT": "",
        "IMAGE_URL": "",
        "BENEFIT_TYPE": "쿠폰, 리워드",
        "BENEFIT_DETAIL": "SSF 부담 쿠폰 (10/15/20%) + 최대 50% 페이백",
        "GOAL_SALES": 0,
        "MD_COMMENT": "",
        "ACTUAL_SALES": 12865100,
        "DAILY_TREND": [
            1386500,
            1883600,
            786700,
            810200,
            1958200,
            0,
            0,
            3323200,
            1781900,
            33000,
            901800
        ]
    },
    {
        "BRAND": "ST",
        "CHANNEL": "SSF샵",
        "DIVISION": "프로모션",
        "PROMO_TYPE": "전사",
        "IS_EXCLUSIVE": false,
        "PROMO_NAME": "72시간 주말특가",
        "START_DATE": "2025-03-21",
        "END_DATE": "2025-03-23",
        "STATUS": "closed",
        "SLOT": "",
        "IMAGE_URL": "",
        "BENEFIT_TYPE": "쿠폰",
        "BENEFIT_DETAIL": "15%상품쿠폰(셀러:SSF -> 5%:10%)",
        "GOAL_SALES": 0,
        "MD_COMMENT": "",
        "ACTUAL_SALES": 1958200,
        "DAILY_TREND": [
            1958200,
            0,
            0
        ]
    },
    {
        "BRAND": "ST",
        "CHANNEL": "SSF샵",
        "DIVISION": "프로모션",
        "PROMO_TYPE": "전사",
        "IS_EXCLUSIVE": false,
        "PROMO_NAME": "72시간 주말특가(하의)",
        "START_DATE": "2025-03-28",
        "END_DATE": "2025-03-30",
        "STATUS": "closed",
        "SLOT": "",
        "IMAGE_URL": "",
        "BENEFIT_TYPE": "쿠폰",
        "BENEFIT_DETAIL": "15% 즉시할인 쿠폰",
        "GOAL_SALES": 0,
        "MD_COMMENT": "",
        "ACTUAL_SALES": -78000,
        "DAILY_TREND": [
            -78000,
            0,
            0
        ]
    },
    {
        "BRAND": "ST",
        "CHANNEL": "SSF샵",
        "DIVISION": "기획전",
        "PROMO_TYPE": "전사",
        "IS_EXCLUSIVE": false,
        "PROMO_NAME": "25SS STO 2차",
        "START_DATE": "2025-03-27",
        "END_DATE": "2025-04-06",
        "STATUS": "closed",
        "SLOT": "",
        "IMAGE_URL": "",
        "BENEFIT_TYPE": "쿠폰, 사은품",
        "BENEFIT_DETAIL": "10% 상품쿠폰 + 곰돌이 키링 사은품",
        "GOAL_SALES": 0,
        "MD_COMMENT": "",
        "ACTUAL_SALES": 5387200,
        "DAILY_TREND": [
            901800,
            -78000,
            0,
            0,
            2571700,
            651300,
            -73000,
            346200,
            1067200,
            0,
            0
        ]
    },
    {
        "BRAND": "ST",
        "CHANNEL": "SSG닷컴",
        "DIVISION": "프로모션",
        "PROMO_TYPE": "전사",
        "IS_EXCLUSIVE": false,
        "PROMO_NAME": "[통합] SSG 신년 페스타",
        "START_DATE": "2025-01-01",
        "END_DATE": "2025-01-05",
        "STATUS": "closed",
        "SLOT": "",
        "IMAGE_URL": "",
        "BENEFIT_TYPE": "쿠폰",
        "BENEFIT_DETAIL": "10%쿠폰 (최대 2만원/ 반반부담) 24FW 시즌오프 상품 5%//20% 쿠폰진행",
        "GOAL_SALES": 0,
        "MD_COMMENT": "",
        "ACTUAL_SALES": 816000,
        "DAILY_TREND": [
            0,
            945000,
            -129000,
            0,
            0
        ]
    },
    {
        "BRAND": "ST",
        "CHANNEL": "SSG닷컴",
        "DIVISION": "프로모션",
        "PROMO_TYPE": "전사",
        "IS_EXCLUSIVE": false,
        "PROMO_NAME": "[통합] 쇼핑익스프레스",
        "START_DATE": "2025-01-06",
        "END_DATE": "2025-01-10",
        "STATUS": "closed",
        "SLOT": "",
        "IMAGE_URL": "",
        "BENEFIT_TYPE": "쿠폰",
        "BENEFIT_DETAIL": "8%쿠폰 (최대1,5만원/반반부담)",
        "GOAL_SALES": 0,
        "MD_COMMENT": "",
        "ACTUAL_SALES": 353900,
        "DAILY_TREND": [
            923900,
            129000,
            268000,
            -1026000,
            59000
        ]
    },
    {
        "BRAND": "ST",
        "CHANNEL": "SSG닷컴",
        "DIVISION": "프로모션",
        "PROMO_TYPE": "전사",
        "IS_EXCLUSIVE": false,
        "PROMO_NAME": "[연합] S/S 스포츠 트렌드",
        "START_DATE": "2025-01-13",
        "END_DATE": "2025-01-19",
        "STATUS": "closed",
        "SLOT": "",
        "IMAGE_URL": "",
        "BENEFIT_TYPE": "",
        "BENEFIT_DETAIL": "스킴 별도 X",
        "GOAL_SALES": 0,
        "MD_COMMENT": "",
        "ACTUAL_SALES": 1883300,
        "DAILY_TREND": [
            1579300,
            0,
            0,
            -59000,
            363000,
            0,
            0
        ]
    },
    {
        "BRAND": "ST",
        "CHANNEL": "SSG닷컴",
        "DIVISION": "프로모션",
        "PROMO_TYPE": "전사",
        "IS_EXCLUSIVE": false,
        "PROMO_NAME": "[연합] 설 연휴 스포츠 GIFT 대전",
        "START_DATE": "2025-01-20",
        "END_DATE": "2025-01-26",
        "STATUS": "closed",
        "SLOT": "",
        "IMAGE_URL": "",
        "BENEFIT_TYPE": "",
        "BENEFIT_DETAIL": "스킴 별도 X",
        "GOAL_SALES": 0,
        "MD_COMMENT": "",
        "ACTUAL_SALES": 1463800,
        "DAILY_TREND": [
            98000,
            0,
            0,
            143400,
            1222400,
            0,
            0
        ]
    },
    {
        "BRAND": "ST",
        "CHANNEL": "SSG닷컴",
        "DIVISION": "프로모션",
        "PROMO_TYPE": "전사",
        "IS_EXCLUSIVE": false,
        "PROMO_NAME": "[연합] 설 연휴 스포츠 특가 대전",
        "START_DATE": "2025-01-27",
        "END_DATE": "2025-02-02",
        "STATUS": "closed",
        "SLOT": "",
        "IMAGE_URL": "",
        "BENEFIT_TYPE": "쿠폰",
        "BENEFIT_DETAIL": "10% 상품 할인 쿠폰(반반부담)",
        "GOAL_SALES": 0,
        "MD_COMMENT": "",
        "ACTUAL_SALES": 15166600,
        "DAILY_TREND": [
            4440400,
            0,
            0,
            0,
            10726200,
            0,
            0
        ]
    },
    {
        "BRAND": "ST",
        "CHANNEL": "SSG닷컴",
        "DIVISION": "프로모션",
        "PROMO_TYPE": "전사",
        "IS_EXCLUSIVE": false,
        "PROMO_NAME": "[연힙] 2025 동계 스포츠 대전",
        "START_DATE": "2025-02-03",
        "END_DATE": "2025-02-09",
        "STATUS": "closed",
        "SLOT": "",
        "IMAGE_URL": "",
        "BENEFIT_TYPE": "쿠폰",
        "BENEFIT_DETAIL": "10% 상품 할인 쿠폰(반반부담)",
        "GOAL_SALES": 0,
        "MD_COMMENT": "",
        "ACTUAL_SALES": 17499600,
        "DAILY_TREND": [
            10345400,
            2069400,
            1114500,
            1838300,
            2132000,
            0,
            0
        ]
    },
    {
        "BRAND": "ST",
        "CHANNEL": "SSG닷컴",
        "DIVISION": "프로모션",
        "PROMO_TYPE": "전사",
        "IS_EXCLUSIVE": false,
        "PROMO_NAME": "[전사] 쇼확행",
        "START_DATE": "2025-01-24",
        "END_DATE": "2025-01-30",
        "STATUS": "closed",
        "SLOT": "",
        "IMAGE_URL": "",
        "BENEFIT_TYPE": "쿠폰",
        "BENEFIT_DETAIL": "7만원 이상 8% 최대 5만원 한도 내에서 쿠폰 발급",
        "GOAL_SALES": 0,
        "MD_COMMENT": "",
        "ACTUAL_SALES": 5662800,
        "DAILY_TREND": [
            1222400,
            0,
            0,
            4440400,
            0,
            0,
            0
        ]
    },
    {
        "BRAND": "ST",
        "CHANNEL": "SSG닷컴",
        "DIVISION": "프로모션",
        "PROMO_TYPE": "전사",
        "IS_EXCLUSIVE": false,
        "PROMO_NAME": "스포츠관 배너",
        "START_DATE": "2025-02-04",
        "END_DATE": "2025-02-16",
        "STATUS": "closed",
        "SLOT": "",
        "IMAGE_URL": "",
        "BENEFIT_TYPE": "",
        "BENEFIT_DETAIL": "스킴 별도 X",
        "GOAL_SALES": 0,
        "MD_COMMENT": "",
        "ACTUAL_SALES": 11727000,
        "DAILY_TREND": [
            2069400,
            1114500,
            1838300,
            2132000,
            0,
            0,
            2921500,
            821900,
            472800,
            175900,
            180700,
            0,
            0
        ]
    },
    {
        "BRAND": "ST",
        "CHANNEL": "SSG닷컴",
        "DIVISION": "프로모션",
        "PROMO_TYPE": "전사",
        "IS_EXCLUSIVE": false,
        "PROMO_NAME": "쓱특가_딜",
        "START_DATE": "2025-02-07",
        "END_DATE": "2025-02-09",
        "STATUS": "closed",
        "SLOT": "",
        "IMAGE_URL": "",
        "BENEFIT_TYPE": "쿠폰",
        "BENEFIT_DETAIL": "24FW 30% 상품쿠폰",
        "GOAL_SALES": 0,
        "MD_COMMENT": "",
        "ACTUAL_SALES": 2132000,
        "DAILY_TREND": [
            2132000,
            0,
            0
        ]
    },
    {
        "BRAND": "ST",
        "CHANNEL": "SSG닷컴",
        "DIVISION": "프로모션",
        "PROMO_TYPE": "전사",
        "IS_EXCLUSIVE": false,
        "PROMO_NAME": "[연힙]스포츠 TOP 브랜드 연합위크",
        "START_DATE": "2025-02-10",
        "END_DATE": "2025-02-16",
        "STATUS": "closed",
        "SLOT": "",
        "IMAGE_URL": "",
        "BENEFIT_TYPE": "카드할인",
        "BENEFIT_DETAIL": "10% 신한카드(반반부담)",
        "GOAL_SALES": 0,
        "MD_COMMENT": "",
        "ACTUAL_SALES": 4572800,
        "DAILY_TREND": [
            2921500,
            821900,
            472800,
            175900,
            180700,
            0,
            0
        ]
    },
    {
        "BRAND": "ST",
        "CHANNEL": "SSG닷컴",
        "DIVISION": "프로모션",
        "PROMO_TYPE": "전사",
        "IS_EXCLUSIVE": false,
        "PROMO_NAME": "[연힙]쇼핑익스프레스",
        "START_DATE": "2025-02-17",
        "END_DATE": "2025-02-23",
        "STATUS": "closed",
        "SLOT": "",
        "IMAGE_URL": "",
        "BENEFIT_TYPE": "쿠폰",
        "BENEFIT_DETAIL": "8% 장바구니 (최대 2.5만원) /7% 상품쿠폰 (최대 1만원)",
        "GOAL_SALES": 0,
        "MD_COMMENT": "",
        "ACTUAL_SALES": 6241100,
        "DAILY_TREND": [
            3556700,
            1032800,
            320100,
            761400,
            570100,
            0,
            0
        ]
    },
    {
        "BRAND": "ST",
        "CHANNEL": "SSG닷컴",
        "DIVISION": "프로모션",
        "PROMO_TYPE": "전사",
        "IS_EXCLUSIVE": false,
        "PROMO_NAME": "[연합] 패션 신학기 시즌행사(2/24~3/2)",
        "START_DATE": "2025-02-24",
        "END_DATE": "2025-03-02",
        "STATUS": "closed",
        "SLOT": "",
        "IMAGE_URL": "",
        "BENEFIT_TYPE": "쿠폰",
        "BENEFIT_DETAIL": "10% 상품쿠폰( 반반부담)",
        "GOAL_SALES": 0,
        "MD_COMMENT": "",
        "ACTUAL_SALES": 6748100,
        "DAILY_TREND": [
            445200,
            357800,
            1586000,
            2109800,
            2249300,
            0,
            0
        ]
    },
    {
        "BRAND": "ST",
        "CHANNEL": "SSG닷컴",
        "DIVISION": "프로모션",
        "PROMO_TYPE": "전사",
        "IS_EXCLUSIVE": false,
        "PROMO_NAME": "[연합] 스포츠 SS 의류대전",
        "START_DATE": "2025-02-24",
        "END_DATE": "2025-03-02",
        "STATUS": "closed",
        "SLOT": "",
        "IMAGE_URL": "",
        "BENEFIT_TYPE": "쿠폰",
        "BENEFIT_DETAIL": "10% 상품쿠폰( 반반부담)",
        "GOAL_SALES": 0,
        "MD_COMMENT": "",
        "ACTUAL_SALES": 6748100,
        "DAILY_TREND": [
            445200,
            357800,
            1586000,
            2109800,
            2249300,
            0,
            0
        ]
    },
    {
        "BRAND": "ST",
        "CHANNEL": "SSG닷컴",
        "DIVISION": "프로모션",
        "PROMO_TYPE": "전사",
        "IS_EXCLUSIVE": false,
        "PROMO_NAME": "쓱특가",
        "START_DATE": "2025-02-27",
        "END_DATE": "2025-03-02",
        "STATUS": "closed",
        "SLOT": "",
        "IMAGE_URL": "",
        "BENEFIT_TYPE": "",
        "BENEFIT_DETAIL": "",
        "GOAL_SALES": 0,
        "MD_COMMENT": "",
        "ACTUAL_SALES": 4359100,
        "DAILY_TREND": [
            2109800,
            2249300,
            0,
            0
        ]
    },
    {
        "BRAND": "ST",
        "CHANNEL": "SSG닷컴",
        "DIVISION": "프로모션",
        "PROMO_TYPE": "전사",
        "IS_EXCLUSIVE": false,
        "PROMO_NAME": "[연합] SPRING 스포츠 페스티벌",
        "START_DATE": "2025-03-03",
        "END_DATE": "2025-03-09",
        "STATUS": "closed",
        "SLOT": "",
        "IMAGE_URL": "",
        "BENEFIT_TYPE": "쿠폰",
        "BENEFIT_DETAIL": "10% 상품쿠폰( 반반부담)",
        "GOAL_SALES": 0,
        "MD_COMMENT": "",
        "ACTUAL_SALES": 12409900,
        "DAILY_TREND": [
            0,
            4663100,
            3381800,
            1687800,
            2677200,
            0,
            0
        ]
    },
    {
        "BRAND": "ST",
        "CHANNEL": "SSG닷컴",
        "DIVISION": "프로모션",
        "PROMO_TYPE": "전사",
        "IS_EXCLUSIVE": false,
        "PROMO_NAME": "[연합] 스포츠패션 러닝 단독 기획전",
        "START_DATE": "2025-03-03",
        "END_DATE": "2025-03-09",
        "STATUS": "closed",
        "SLOT": "",
        "IMAGE_URL": "",
        "BENEFIT_TYPE": "쿠폰",
        "BENEFIT_DETAIL": "10% 상품쿠폰( 반반부담)",
        "GOAL_SALES": 0,
        "MD_COMMENT": "",
        "ACTUAL_SALES": 12409900,
        "DAILY_TREND": [
            0,
            4663100,
            3381800,
            1687800,
            2677200,
            0,
            0
        ]
    },
    {
        "BRAND": "ST",
        "CHANNEL": "SSG닷컴",
        "DIVISION": "프로모션",
        "PROMO_TYPE": "전사",
        "IS_EXCLUSIVE": false,
        "PROMO_NAME": "[연합] 스포츠 TOP 30 브랜드 제안",
        "START_DATE": "2025-03-10",
        "END_DATE": "2025-03-16",
        "STATUS": "closed",
        "SLOT": "",
        "IMAGE_URL": "",
        "BENEFIT_TYPE": "쿠폰",
        "BENEFIT_DETAIL": "10,000 원 이상 구매 시 1개만 12 % 할인",
        "GOAL_SALES": 0,
        "MD_COMMENT": "",
        "ACTUAL_SALES": 10079100,
        "DAILY_TREND": [
            6434000,
            1235100,
            -14100,
            1545600,
            878500,
            0,
            0
        ]
    },
    {
        "BRAND": "ST",
        "CHANNEL": "SSG닷컴",
        "DIVISION": "프로모션",
        "PROMO_TYPE": "전사",
        "IS_EXCLUSIVE": false,
        "PROMO_NAME": "쓱특가",
        "START_DATE": "2025-03-10",
        "END_DATE": "2025-03-13",
        "STATUS": "closed",
        "SLOT": "",
        "IMAGE_URL": "",
        "BENEFIT_TYPE": "쿠폰",
        "BENEFIT_DETAIL": "10,000 원 이상 구매 시 1개만 12 % 할인",
        "GOAL_SALES": 0,
        "MD_COMMENT": "",
        "ACTUAL_SALES": 9200600,
        "DAILY_TREND": [
            6434000,
            1235100,
            -14100,
            1545600
        ]
    },
    {
        "BRAND": "ST",
        "CHANNEL": "SSG닷컴",
        "DIVISION": "프로모션",
        "PROMO_TYPE": "전사",
        "IS_EXCLUSIVE": false,
        "PROMO_NAME": "[연합] 해피버SSG데이",
        "START_DATE": "2025-03-10",
        "END_DATE": "2025-03-16",
        "STATUS": "closed",
        "SLOT": "",
        "IMAGE_URL": "",
        "BENEFIT_TYPE": "",
        "BENEFIT_DETAIL": "",
        "GOAL_SALES": 0,
        "MD_COMMENT": "",
        "ACTUAL_SALES": 10079100,
        "DAILY_TREND": [
            6434000,
            1235100,
            -14100,
            1545600,
            878500,
            0,
            0
        ]
    },
    {
        "BRAND": "ST",
        "CHANNEL": "SSG닷컴",
        "DIVISION": "프로모션",
        "PROMO_TYPE": "전사",
        "IS_EXCLUSIVE": false,
        "PROMO_NAME": "[연합] SPRING 야외 스포츠 + 러닝페스타",
        "START_DATE": "2025-03-17",
        "END_DATE": "2025-03-23",
        "STATUS": "closed",
        "SLOT": "",
        "IMAGE_URL": "",
        "BENEFIT_TYPE": "쿠폰",
        "BENEFIT_DETAIL": "3만원이상 12% 최대 3만원(ID 당 2매) / 장바구니 쿠폰(APP전용)  > 패션/명품 > 1만원 이상 20% 최대 1만원(1일 1매)",
        "GOAL_SALES": 0,
        "MD_COMMENT": "",
        "ACTUAL_SALES": 10158300,
        "DAILY_TREND": [
            2968300,
            1120500,
            1116100,
            1727200,
            3226200,
            0,
            0
        ]
    },
    {
        "BRAND": "ST",
        "CHANNEL": "SSG닷컴",
        "DIVISION": "프로모션",
        "PROMO_TYPE": "전사",
        "IS_EXCLUSIVE": false,
        "PROMO_NAME": "패션 명품 쓱세일",
        "START_DATE": "2025-03-17",
        "END_DATE": "2025-03-23",
        "STATUS": "closed",
        "SLOT": "",
        "IMAGE_URL": "",
        "BENEFIT_TYPE": "쿠폰",
        "BENEFIT_DETAIL": "3만원이상 12% 최대 3만원(ID 당 2매) / 장바구니 쿠폰(APP전용)  > 패션/명품 > 1만원 이상 20% 최대 1만원(1일 1매)",
        "GOAL_SALES": 0,
        "MD_COMMENT": "",
        "ACTUAL_SALES": 10158300,
        "DAILY_TREND": [
            2968300,
            1120500,
            1116100,
            1727200,
            3226200,
            0,
            0
        ]
    },
    {
        "BRAND": "ST",
        "CHANNEL": "SSG닷컴",
        "DIVISION": "프로모션",
        "PROMO_TYPE": "전사",
        "IS_EXCLUSIVE": false,
        "PROMO_NAME": "[연합] 봄 액티비티 BEST 아이템 쇼핑찬스",
        "START_DATE": "2025-03-24",
        "END_DATE": "2025-03-30",
        "STATUS": "closed",
        "SLOT": "",
        "IMAGE_URL": "",
        "BENEFIT_TYPE": "쿠폰",
        "BENEFIT_DETAIL": "25S/24F/24N 일부 -> 10% 쿠폰(SSG:셀러 - 6:4)",
        "GOAL_SALES": 0,
        "MD_COMMENT": "",
        "ACTUAL_SALES": 6061200,
        "DAILY_TREND": [
            3803600,
            -289700,
            500100,
            761900,
            1285300,
            0,
            0
        ]
    },
    {
        "BRAND": "ST",
        "CHANNEL": "롯데ON",
        "DIVISION": "프로모션",
        "PROMO_TYPE": "전사",
        "IS_EXCLUSIVE": false,
        "PROMO_NAME": "패션의 완성은 특가 1주차",
        "START_DATE": "2025-01-06",
        "END_DATE": "2025-01-12",
        "STATUS": "closed",
        "SLOT": "",
        "IMAGE_URL": "",
        "BENEFIT_TYPE": "쿠폰",
        "BENEFIT_DETAIL": "10%CM 할인 : 롯데온 부담",
        "GOAL_SALES": 0,
        "MD_COMMENT": "",
        "ACTUAL_SALES": 485400,
        "DAILY_TREND": [
            237300,
            -279300,
            0,
            168400,
            359000,
            0,
            0
        ]
    },
    {
        "BRAND": "ST",
        "CHANNEL": "롯데ON",
        "DIVISION": "프로모션",
        "PROMO_TYPE": "전사",
        "IS_EXCLUSIVE": false,
        "PROMO_NAME": "패션의 완성은 특가 2주차",
        "START_DATE": "2025-01-13",
        "END_DATE": "2025-01-19",
        "STATUS": "closed",
        "SLOT": "",
        "IMAGE_URL": "",
        "BENEFIT_TYPE": "쿠폰",
        "BENEFIT_DETAIL": "10%CM 할인 : 롯데온 부담(해당 기간 15% 롯데온 부담 진행중)",
        "GOAL_SALES": 0,
        "MD_COMMENT": "",
        "ACTUAL_SALES": 1362900,
        "DAILY_TREND": [
            1362900,
            0,
            0,
            0,
            0,
            0,
            0
        ]
    },
    {
        "BRAND": "ST",
        "CHANNEL": "롯데ON",
        "DIVISION": "프로모션",
        "PROMO_TYPE": "전사",
        "IS_EXCLUSIVE": false,
        "PROMO_NAME": "패션솔드아웃",
        "START_DATE": "2025-01-17",
        "END_DATE": "2025-01-19",
        "STATUS": "closed",
        "SLOT": "",
        "IMAGE_URL": "",
        "BENEFIT_TYPE": "쿠폰",
        "BENEFIT_DETAIL": "10%CM 할인 : 롯데온 부담",
        "GOAL_SALES": 0,
        "MD_COMMENT": "",
        "ACTUAL_SALES": 0,
        "DAILY_TREND": [
            0,
            0,
            0
        ]
    },
    {
        "BRAND": "ST",
        "CHANNEL": "롯데ON",
        "DIVISION": "프로모션",
        "PROMO_TYPE": "전사",
        "IS_EXCLUSIVE": false,
        "PROMO_NAME": "패션 스포트라이트",
        "START_DATE": "2025-01-20",
        "END_DATE": "2025-01-26",
        "STATUS": "closed",
        "SLOT": "",
        "IMAGE_URL": "",
        "BENEFIT_TYPE": "쿠폰",
        "BENEFIT_DETAIL": "10%CM 할인 : 롯데온 부담",
        "GOAL_SALES": 0,
        "MD_COMMENT": "",
        "ACTUAL_SALES": 137400,
        "DAILY_TREND": [
            0,
            0,
            0,
            0,
            137400,
            0,
            0
        ]
    },
    {
        "BRAND": "ST",
        "CHANNEL": "롯데ON",
        "DIVISION": "프로모션",
        "PROMO_TYPE": "전사",
        "IS_EXCLUSIVE": false,
        "PROMO_NAME": "스포츠레저 딜코드 및 스와이핑 영역 노출",
        "START_DATE": "2025-01-25",
        "END_DATE": "2025-01-26",
        "STATUS": "closed",
        "SLOT": "",
        "IMAGE_URL": "",
        "BENEFIT_TYPE": "",
        "BENEFIT_DETAIL": "아울렛 가격 인하 상품",
        "GOAL_SALES": 0,
        "MD_COMMENT": "",
        "ACTUAL_SALES": 0,
        "DAILY_TREND": [
            0,
            0
        ]
    },
    {
        "BRAND": "ST",
        "CHANNEL": "롯데ON",
        "DIVISION": "프로모션",
        "PROMO_TYPE": "전사",
        "IS_EXCLUSIVE": false,
        "PROMO_NAME": "라스트찬스",
        "START_DATE": "2025-01-25",
        "END_DATE": "2025-01-31",
        "STATUS": "closed",
        "SLOT": "",
        "IMAGE_URL": "",
        "BENEFIT_TYPE": "쿠폰",
        "BENEFIT_DETAIL": "10% (셀러분담 100)+ 10%CM (롯데온)",
        "GOAL_SALES": 0,
        "MD_COMMENT": "",
        "ACTUAL_SALES": 903800,
        "DAILY_TREND": [
            0,
            0,
            343100,
            0,
            0,
            0,
            560700
        ]
    },
    {
        "BRAND": "ST",
        "CHANNEL": "롯데ON",
        "DIVISION": "프로모션",
        "PROMO_TYPE": "전사",
        "IS_EXCLUSIVE": false,
        "PROMO_NAME": "브랜드데이",
        "START_DATE": "2025-01-29",
        "END_DATE": "2025-01-29",
        "STATUS": "closed",
        "SLOT": "",
        "IMAGE_URL": "",
        "BENEFIT_TYPE": "",
        "BENEFIT_DETAIL": "기획전 노출",
        "GOAL_SALES": 0,
        "MD_COMMENT": "",
        "ACTUAL_SALES": 0,
        "DAILY_TREND": [
            0
        ]
    },
    {
        "BRAND": "ST",
        "CHANNEL": "롯데ON",
        "DIVISION": "프로모션",
        "PROMO_TYPE": "전사",
        "IS_EXCLUSIVE": false,
        "PROMO_NAME": "스포츠레저 딜코드 및 스와이핑 영역 노출",
        "START_DATE": "2025-01-31",
        "END_DATE": "2025-02-01",
        "STATUS": "closed",
        "SLOT": "",
        "IMAGE_URL": "",
        "BENEFIT_TYPE": "",
        "BENEFIT_DETAIL": "아울렛 가격 인하 상품",
        "GOAL_SALES": 0,
        "MD_COMMENT": "",
        "ACTUAL_SALES": 560700,
        "DAILY_TREND": [
            560700,
            0
        ]
    },
    {
        "BRAND": "ST",
        "CHANNEL": "롯데ON",
        "DIVISION": "프로모션",
        "PROMO_TYPE": "전사",
        "IS_EXCLUSIVE": false,
        "PROMO_NAME": "패션의 완성은 특가",
        "START_DATE": "2025-02-10",
        "END_DATE": "2025-02-16",
        "STATUS": "closed",
        "SLOT": "",
        "IMAGE_URL": "",
        "BENEFIT_TYPE": "",
        "BENEFIT_DETAIL": "스킴 별도 X",
        "GOAL_SALES": 0,
        "MD_COMMENT": "",
        "ACTUAL_SALES": 906700,
        "DAILY_TREND": [
            497500,
            144000,
            139000,
            71700,
            54500,
            0,
            0
        ]
    },
    {
        "BRAND": "ST",
        "CHANNEL": "롯데ON",
        "DIVISION": "프로모션",
        "PROMO_TYPE": "전사",
        "IS_EXCLUSIVE": false,
        "PROMO_NAME": "패션 스포트라이트",
        "START_DATE": "2025-02-17",
        "END_DATE": "2025-02-26",
        "STATUS": "closed",
        "SLOT": "",
        "IMAGE_URL": "",
        "BENEFIT_TYPE": "쿠폰",
        "BENEFIT_DETAIL": "11%CM(롯데온부담) or 온세상 10%반반쿠폰",
        "GOAL_SALES": 0,
        "MD_COMMENT": "",
        "ACTUAL_SALES": 718500,
        "DAILY_TREND": [
            168900,
            79600,
            39600,
            0,
            0,
            0,
            0,
            278000,
            152400,
            0
        ]
    },
    {
        "BRAND": "ST",
        "CHANNEL": "롯데ON",
        "DIVISION": "프로모션",
        "PROMO_TYPE": "전사",
        "IS_EXCLUSIVE": false,
        "PROMO_NAME": "패션 솔드아웃",
        "START_DATE": "2025-02-21",
        "END_DATE": "2025-02-23",
        "STATUS": "closed",
        "SLOT": "",
        "IMAGE_URL": "",
        "BENEFIT_TYPE": "쿠폰",
        "BENEFIT_DETAIL": "11%CM(롯데온부담) or 온세상 10%반반쿠폰",
        "GOAL_SALES": 0,
        "MD_COMMENT": "",
        "ACTUAL_SALES": 0,
        "DAILY_TREND": [
            0,
            0,
            0
        ]
    },
    {
        "BRAND": "ST",
        "CHANNEL": "롯데ON",
        "DIVISION": "프로모션",
        "PROMO_TYPE": "전사",
        "IS_EXCLUSIVE": false,
        "PROMO_NAME": "라스트찬스",
        "START_DATE": "2025-02-24",
        "END_DATE": "2025-02-26",
        "STATUS": "closed",
        "SLOT": "",
        "IMAGE_URL": "",
        "BENEFIT_TYPE": "쿠폰",
        "BENEFIT_DETAIL": "라스트찬스 10% 쿠폰(셀러부담100)",
        "GOAL_SALES": 0,
        "MD_COMMENT": "",
        "ACTUAL_SALES": 430400,
        "DAILY_TREND": [
            278000,
            152400,
            0
        ]
    },
    {
        "BRAND": "ST",
        "CHANNEL": "롯데ON",
        "DIVISION": "프로모션",
        "PROMO_TYPE": "전사",
        "IS_EXCLUSIVE": false,
        "PROMO_NAME": "스포츠 레저데이",
        "START_DATE": "2025-03-01",
        "END_DATE": "2025-03-01",
        "STATUS": "closed",
        "SLOT": "",
        "IMAGE_URL": "",
        "BENEFIT_TYPE": "쿠폰",
        "BENEFIT_DETAIL": "10%CM(롯데부담) / 아울렛 인하 상품",
        "GOAL_SALES": 0,
        "MD_COMMENT": "",
        "ACTUAL_SALES": 0,
        "DAILY_TREND": [
            0
        ]
    },
    {
        "BRAND": "ST",
        "CHANNEL": "롯데ON",
        "DIVISION": "프로모션",
        "PROMO_TYPE": "전사",
        "IS_EXCLUSIVE": false,
        "PROMO_NAME": "특가딜",
        "START_DATE": "2025-03-01",
        "END_DATE": "2025-03-01",
        "STATUS": "closed",
        "SLOT": "",
        "IMAGE_URL": "",
        "BENEFIT_TYPE": "쿠폰",
        "BENEFIT_DETAIL": "15%CM(롯데부담) / 아울렛 인하 상품",
        "GOAL_SALES": 0,
        "MD_COMMENT": "",
        "ACTUAL_SALES": 0,
        "DAILY_TREND": [
            0
        ]
    },
    {
        "BRAND": "ST",
        "CHANNEL": "롯데ON",
        "DIVISION": "프로모션",
        "PROMO_TYPE": "전사",
        "IS_EXCLUSIVE": false,
        "PROMO_NAME": "홈메인딜",
        "START_DATE": "2025-03-09",
        "END_DATE": "2025-03-09",
        "STATUS": "closed",
        "SLOT": "",
        "IMAGE_URL": "",
        "BENEFIT_TYPE": "쿠폰",
        "BENEFIT_DETAIL": "15%CM(롯데부담) / 아울렛 인하 상품",
        "GOAL_SALES": 0,
        "MD_COMMENT": "",
        "ACTUAL_SALES": 0,
        "DAILY_TREND": [
            0
        ]
    },
    {
        "BRAND": "ST",
        "CHANNEL": "롯데ON",
        "DIVISION": "프로모션",
        "PROMO_TYPE": "전사",
        "IS_EXCLUSIVE": false,
        "PROMO_NAME": "패션의 완성은 특가",
        "START_DATE": "2025-03-10",
        "END_DATE": "2025-03-16",
        "STATUS": "closed",
        "SLOT": "",
        "IMAGE_URL": "",
        "BENEFIT_TYPE": "쿠폰",
        "BENEFIT_DETAIL": "11%CM(롯데온부담) or 온세상 10%반반쿠폰",
        "GOAL_SALES": 0,
        "MD_COMMENT": "",
        "ACTUAL_SALES": 709300,
        "DAILY_TREND": [
            565900,
            0,
            0,
            0,
            143400,
            0,
            0
        ]
    },
    {
        "BRAND": "ST",
        "CHANNEL": "롯데ON",
        "DIVISION": "프로모션",
        "PROMO_TYPE": "전사",
        "IS_EXCLUSIVE": false,
        "PROMO_NAME": "온세일-봄맞이",
        "START_DATE": "2025-03-10",
        "END_DATE": "2025-03-16",
        "STATUS": "closed",
        "SLOT": "",
        "IMAGE_URL": "",
        "BENEFIT_TYPE": "쿠폰",
        "BENEFIT_DETAIL": "11%CM(롯데온부담) or 온세상 10%반반쿠폰",
        "GOAL_SALES": 0,
        "MD_COMMENT": "",
        "ACTUAL_SALES": 709300,
        "DAILY_TREND": [
            565900,
            0,
            0,
            0,
            143400,
            0,
            0
        ]
    },
    {
        "BRAND": "ST",
        "CHANNEL": "롯데ON",
        "DIVISION": "프로모션",
        "PROMO_TYPE": "전사",
        "IS_EXCLUSIVE": false,
        "PROMO_NAME": "패션 스포트라이트",
        "START_DATE": "2025-03-17",
        "END_DATE": "2025-03-23",
        "STATUS": "closed",
        "SLOT": "",
        "IMAGE_URL": "",
        "BENEFIT_TYPE": "쿠폰",
        "BENEFIT_DETAIL": " 10%CM할인(롯데온부담)",
        "GOAL_SALES": 0,
        "MD_COMMENT": "",
        "ACTUAL_SALES": 216400,
        "DAILY_TREND": [
            139000,
            77400,
            0,
            0,
            0,
            0,
            0
        ]
    },
    {
        "BRAND": "ST",
        "CHANNEL": "롯데ON",
        "DIVISION": "프로모션",
        "PROMO_TYPE": "전사",
        "IS_EXCLUSIVE": false,
        "PROMO_NAME": "라스트찬스",
        "START_DATE": "2025-03-28",
        "END_DATE": "2025-03-30",
        "STATUS": "closed",
        "SLOT": "",
        "IMAGE_URL": "",
        "BENEFIT_TYPE": "쿠폰",
        "BENEFIT_DETAIL": "라스트찬스 10% 쿠폰(셀러부담)",
        "GOAL_SALES": 0,
        "MD_COMMENT": "",
        "ACTUAL_SALES": 0,
        "DAILY_TREND": [
            0,
            0,
            0
        ]
    },
    {
        "BRAND": "ST",
        "CHANNEL": "롯데ON",
        "DIVISION": "프로모션",
        "PROMO_TYPE": "전사",
        "IS_EXCLUSIVE": false,
        "PROMO_NAME": "브랜드데이&홈메인딜",
        "START_DATE": "2025-03-28",
        "END_DATE": "2025-03-28",
        "STATUS": "closed",
        "SLOT": "",
        "IMAGE_URL": "",
        "BENEFIT_TYPE": "쿠폰",
        "BENEFIT_DETAIL": "24S->12%CM/25S->10%CM(롯데온부담)",
        "GOAL_SALES": 0,
        "MD_COMMENT": "",
        "ACTUAL_SALES": 0,
        "DAILY_TREND": [
            0
        ]
    },
    {
        "BRAND": "ST",
        "CHANNEL": "무신사",
        "DIVISION": "기획전",
        "PROMO_TYPE": "자체",
        "IS_EXCLUSIVE": false,
        "PROMO_NAME": "25SS NEW COLLECTION",
        "START_DATE": "2025-03-07",
        "END_DATE": "2025-03-28",
        "STATUS": "closed",
        "SLOT": "",
        "IMAGE_URL": "",
        "BENEFIT_TYPE": "쿠폰, 사은품",
        "BENEFIT_DETAIL": "10%쿠폰 + 10만원이상 주문시 사은품 곰돌이(컬러3 중 랜덤1) 증정",
        "GOAL_SALES": 0,
        "MD_COMMENT": "",
        "ACTUAL_SALES": 59904800,
        "DAILY_TREND": [
            1892000,
            0,
            0,
            5719900,
            3709100,
            3162200,
            2996200,
            1750500,
            0,
            0,
            9628000,
            3181000,
            3060900,
            2010800,
            2636700,
            0,
            0,
            9601500,
            3161700,
            2735800,
            2825400,
            1833100
        ]
    },
    {
        "BRAND": "ST",
        "CHANNEL": "무신사",
        "DIVISION": "프로모션",
        "PROMO_TYPE": "자체",
        "IS_EXCLUSIVE": false,
        "PROMO_NAME": "봄시즌발매 & 에너지위크",
        "START_DATE": "2025-03-10",
        "END_DATE": "2025-03-24",
        "STATUS": "closed",
        "SLOT": "",
        "IMAGE_URL": "",
        "BENEFIT_TYPE": "쿠폰",
        "BENEFIT_DETAIL": "10%쿠폰",
        "GOAL_SALES": 0,
        "MD_COMMENT": "",
        "ACTUAL_SALES": 47456800,
        "DAILY_TREND": [
            5719900,
            3709100,
            3162200,
            2996200,
            1750500,
            0,
            0,
            9628000,
            3181000,
            3060900,
            2010800,
            2636700,
            0,
            0,
            9601500
        ]
    },
    {
        "BRAND": "ST",
        "CHANNEL": "무신사",
        "DIVISION": "기획전",
        "PROMO_TYPE": "자체",
        "IS_EXCLUSIVE": false,
        "PROMO_NAME": "STO 2차",
        "START_DATE": "2025-03-25",
        "END_DATE": "2025-04-06",
        "STATUS": "closed",
        "SLOT": "",
        "IMAGE_URL": "",
        "BENEFIT_TYPE": "쿠폰",
        "BENEFIT_DETAIL": "25S 한정 10%쿠폰",
        "GOAL_SALES": 0,
        "MD_COMMENT": "",
        "ACTUAL_SALES": 34029200,
        "DAILY_TREND": [
            3161700,
            2735800,
            2825400,
            1833100,
            0,
            0,
            8597600,
            2184200,
            6533200,
            2248900,
            3909300,
            0,
            0
        ]
    },
    {
        "BRAND": "ST",
        "CHANNEL": "29CM",
        "DIVISION": "기획전",
        "PROMO_TYPE": "자체",
        "IS_EXCLUSIVE": false,
        "PROMO_NAME": "25SS NEW COLLECTION",
        "START_DATE": "2025-03-07",
        "END_DATE": "2025-03-28",
        "STATUS": "closed",
        "SLOT": "",
        "IMAGE_URL": "",
        "BENEFIT_TYPE": "쿠폰, 사은품",
        "BENEFIT_DETAIL": "10%쿠폰 + 10만원이상 주문시 사은품 곰돌이(컬러3 중 랜덤1) 증정",
        "GOAL_SALES": 0,
        "MD_COMMENT": "",
        "ACTUAL_SALES": 64071100,
        "DAILY_TREND": [
            1249600,
            0,
            0,
            4711400,
            1258000,
            864300,
            2007100,
            1626700,
            0,
            0,
            3936000,
            3070000,
            2829500,
            25368200,
            2035800,
            0,
            0,
            4772500,
            3623500,
            1525500,
            2344700,
            2848300
        ]
    },
    {
        "BRAND": "ST",
        "CHANNEL": "29CM",
        "DIVISION": "프로모션",
        "PROMO_TYPE": "자체",
        "IS_EXCLUSIVE": false,
        "PROMO_NAME": "수요입점회",
        "START_DATE": "2025-03-19",
        "END_DATE": "2025-03-19",
        "STATUS": "closed",
        "SLOT": "",
        "IMAGE_URL": "",
        "BENEFIT_TYPE": "쿠폰",
        "BENEFIT_DETAIL": "29% 쿠폰",
        "GOAL_SALES": 0,
        "MD_COMMENT": "",
        "ACTUAL_SALES": 2829500,
        "DAILY_TREND": [
            2829500
        ]
    },
    {
        "BRAND": "ST",
        "CHANNEL": "29CM",
        "DIVISION": "기획전",
        "PROMO_TYPE": "자체",
        "IS_EXCLUSIVE": false,
        "PROMO_NAME": "STO 2차",
        "START_DATE": "2025-03-25",
        "END_DATE": "2025-04-06",
        "STATUS": "closed",
        "SLOT": "",
        "IMAGE_URL": "",
        "BENEFIT_TYPE": "쿠폰",
        "BENEFIT_DETAIL": "25S 한정 10%쿠폰",
        "GOAL_SALES": 0,
        "MD_COMMENT": "",
        "ACTUAL_SALES": 25179000,
        "DAILY_TREND": [
            3623500,
            1525500,
            2344700,
            2848300,
            0,
            0,
            5280500,
            2935000,
            2560700,
            1953000,
            2107800,
            0,
            0
        ]
    },
    {
        "BRAND": "V",
        "CHANNEL": "더카트골프",
        "DIVISION": "프로모션",
        "PROMO_TYPE": "자체",
        "IS_EXCLUSIVE": false,
        "PROMO_NAME": "24F/W 시즌 오프",
        "START_DATE": "2025-01-06",
        "END_DATE": "2025-01-19",
        "STATUS": "closed",
        "SLOT": "",
        "IMAGE_URL": "",
        "BENEFIT_TYPE": "쿠폰",
        "BENEFIT_DETAIL": "30% 인하 / 노세일 상품 10%, 15% 쿠폰",
        "GOAL_SALES": 0,
        "MD_COMMENT": "",
        "ACTUAL_SALES": 10715700,
        "DAILY_TREND": [
            772000,
            -1386000,
            1110000,
            836000,
            261000,
            0,
            0,
            3821800,
            2542500,
            682800,
            1362600,
            713000,
            0,
            0
        ]
    },
    {
        "BRAND": "V",
        "CHANNEL": "더카트골프",
        "DIVISION": "프로모션",
        "PROMO_TYPE": "전사",
        "IS_EXCLUSIVE": false,
        "PROMO_NAME": "더카트 셀렉션",
        "START_DATE": "2025-01-07",
        "END_DATE": "2025-01-20",
        "STATUS": "closed",
        "SLOT": "",
        "IMAGE_URL": "",
        "BENEFIT_TYPE": "쿠폰",
        "BENEFIT_DETAIL": "13% 쿠폰 (더카트 부담)",
        "GOAL_SALES": 0,
        "MD_COMMENT": "",
        "ACTUAL_SALES": 10036700,
        "DAILY_TREND": [
            -1386000,
            1110000,
            836000,
            261000,
            0,
            0,
            3821800,
            2542500,
            682800,
            1362600,
            713000,
            0,
            0,
            93000
        ]
    },
    {
        "BRAND": "V",
        "CHANNEL": "더카트골프",
        "DIVISION": "기획전",
        "PROMO_TYPE": "자체",
        "IS_EXCLUSIVE": false,
        "PROMO_NAME": "25SS & 설선물제안",
        "START_DATE": "2025-01-20",
        "END_DATE": "2025-02-02",
        "STATUS": "closed",
        "SLOT": "",
        "IMAGE_URL": "",
        "BENEFIT_TYPE": "쿠폰",
        "BENEFIT_DETAIL": "10% 쿠폰, 패키지 발송",
        "GOAL_SALES": 0,
        "MD_COMMENT": "",
        "ACTUAL_SALES": 5249100,
        "DAILY_TREND": [
            93000,
            2185600,
            -571500,
            262000,
            0,
            0,
            0,
            2473000,
            0,
            0,
            0,
            807000,
            0,
            0
        ]
    },
    {
        "BRAND": "V",
        "CHANNEL": "더카트골프",
        "DIVISION": "기획전",
        "PROMO_TYPE": "자체",
        "IS_EXCLUSIVE": false,
        "PROMO_NAME": "김지원 PRE-SPRING",
        "START_DATE": "2025-02-04",
        "END_DATE": "2025-02-16",
        "STATUS": "closed",
        "SLOT": "",
        "IMAGE_URL": "",
        "BENEFIT_TYPE": "쿠폰",
        "BENEFIT_DETAIL": "10% 쿠폰",
        "GOAL_SALES": 0,
        "MD_COMMENT": "",
        "ACTUAL_SALES": 7216800,
        "DAILY_TREND": [
            1028300,
            1013100,
            308000,
            1017800,
            0,
            0,
            1931700,
            1152400,
            750000,
            15500,
            0,
            0,
            0
        ]
    },
    {
        "BRAND": "V",
        "CHANNEL": "더카트골프",
        "DIVISION": "프로모션",
        "PROMO_TYPE": "전사",
        "IS_EXCLUSIVE": false,
        "PROMO_NAME": "더카트 셀렉션",
        "START_DATE": "2025-02-06",
        "END_DATE": "2025-02-19",
        "STATUS": "closed",
        "SLOT": "",
        "IMAGE_URL": "",
        "BENEFIT_TYPE": "쿠폰",
        "BENEFIT_DETAIL": "10%, 12%, 15% 쿠폰 (더카트 부담)",
        "GOAL_SALES": 0,
        "MD_COMMENT": "",
        "ACTUAL_SALES": 16367600,
        "DAILY_TREND": [
            308000,
            1017800,
            0,
            0,
            1931700,
            1152400,
            750000,
            15500,
            0,
            0,
            0,
            1086400,
            9719400,
            386400
        ]
    },
    {
        "BRAND": "V",
        "CHANNEL": "더카트골프",
        "DIVISION": "기획전",
        "PROMO_TYPE": "자체",
        "IS_EXCLUSIVE": false,
        "PROMO_NAME": "25SS 1차 캠페인",
        "START_DATE": "2025-02-17",
        "END_DATE": "2025-02-24",
        "STATUS": "closed",
        "SLOT": "",
        "IMAGE_URL": "",
        "BENEFIT_TYPE": "쿠폰, 사은품",
        "BENEFIT_DETAIL": "10% 쿠폰, 쇼핑백 증정",
        "GOAL_SALES": 0,
        "MD_COMMENT": "",
        "ACTUAL_SALES": 17137300,
        "DAILY_TREND": [
            1086400,
            9719400,
            386400,
            2811000,
            997300,
            0,
            0,
            2136800
        ]
    },
    {
        "BRAND": "V",
        "CHANNEL": "더카트골프",
        "DIVISION": "프로모션",
        "PROMO_TYPE": "전사",
        "IS_EXCLUSIVE": false,
        "PROMO_NAME": "히든 세일",
        "START_DATE": "2025-02-20",
        "END_DATE": "2025-02-23",
        "STATUS": "closed",
        "SLOT": "",
        "IMAGE_URL": "",
        "BENEFIT_TYPE": "쿠폰",
        "BENEFIT_DETAIL": "20%, 30% 쿠폰 (반반부담)",
        "GOAL_SALES": 0,
        "MD_COMMENT": "",
        "ACTUAL_SALES": 3808300,
        "DAILY_TREND": [
            2811000,
            997300,
            0,
            0
        ]
    },
    {
        "BRAND": "V",
        "CHANNEL": "더카트골프",
        "DIVISION": "기획전",
        "PROMO_TYPE": "자체",
        "IS_EXCLUSIVE": false,
        "PROMO_NAME": "김지원 25SS 1차",
        "START_DATE": "2025-02-25",
        "END_DATE": "2025-03-09",
        "STATUS": "closed",
        "SLOT": "",
        "IMAGE_URL": "",
        "BENEFIT_TYPE": "쿠폰",
        "BENEFIT_DETAIL": "김지원 착용 15%, 25SS 10% 쿠폰",
        "GOAL_SALES": 0,
        "MD_COMMENT": "",
        "ACTUAL_SALES": 8793000,
        "DAILY_TREND": [
            3136000,
            -756000,
            862400,
            473000,
            0,
            0,
            0,
            2035000,
            1952000,
            1232000,
            -141400,
            0,
            0
        ]
    },
    {
        "BRAND": "V",
        "CHANNEL": "더카트골프",
        "DIVISION": "프로모션",
        "PROMO_TYPE": "전사",
        "IS_EXCLUSIVE": false,
        "PROMO_NAME": "더카트 런웨이 : 25SS 프리젠테이션",
        "START_DATE": "2025-03-13",
        "END_DATE": "2025-03-19",
        "STATUS": "closed",
        "SLOT": "",
        "IMAGE_URL": "",
        "BENEFIT_TYPE": "쿠폰",
        "BENEFIT_DETAIL": "10%, 12% 쿠폰 (전사쿠폰), 김지원 착용 15% 쿠폰, 코쟈 미니 더카트 단독 판매",
        "GOAL_SALES": 0,
        "MD_COMMENT": "",
        "ACTUAL_SALES": 8943600,
        "DAILY_TREND": [
            1404000,
            226000,
            0,
            0,
            3731800,
            546200,
            3035600
        ]
    },
    {
        "BRAND": "V",
        "CHANNEL": "더카트골프",
        "DIVISION": "프로모션",
        "PROMO_TYPE": "자체",
        "IS_EXCLUSIVE": false,
        "PROMO_NAME": "24SS 아울렛",
        "START_DATE": "2025-03-17",
        "END_DATE": "2025-03-23",
        "STATUS": "closed",
        "SLOT": "",
        "IMAGE_URL": "",
        "BENEFIT_TYPE": "쿠폰",
        "BENEFIT_DETAIL": "15% 쿠폰",
        "GOAL_SALES": 0,
        "MD_COMMENT": "",
        "ACTUAL_SALES": 11268400,
        "DAILY_TREND": [
            3731800,
            546200,
            3035600,
            2393000,
            1561800,
            0,
            0
        ]
    },
    {
        "BRAND": "V",
        "CHANNEL": "더카트골프",
        "DIVISION": "프로모션",
        "PROMO_TYPE": "자체",
        "IS_EXCLUSIVE": false,
        "PROMO_NAME": "윈드점퍼 주력 기획전",
        "START_DATE": "2025-03-24",
        "END_DATE": "2025-03-30",
        "STATUS": "closed",
        "SLOT": "",
        "IMAGE_URL": "",
        "BENEFIT_TYPE": "쿠폰",
        "BENEFIT_DETAIL": "10% 쿠폰",
        "GOAL_SALES": 0,
        "MD_COMMENT": "",
        "ACTUAL_SALES": 8251800,
        "DAILY_TREND": [
            4652600,
            1014000,
            -414400,
            3085600,
            -86000,
            0,
            0
        ]
    },
    {
        "BRAND": "V",
        "CHANNEL": "신세계V",
        "DIVISION": "프로모션",
        "PROMO_TYPE": "자체",
        "IS_EXCLUSIVE": false,
        "PROMO_NAME": "미리 만나는 듀베티카의 25SS",
        "START_DATE": "2025-01-01",
        "END_DATE": "2025-01-12",
        "STATUS": "closed",
        "SLOT": "",
        "IMAGE_URL": "",
        "BENEFIT_TYPE": "쿠폰, 사은품",
        "BENEFIT_DETAIL": "25SS 10% 쿠폰, 24FW 30% 인하 + 20만원 이상 쇼핑백 증정",
        "GOAL_SALES": 0,
        "MD_COMMENT": "",
        "ACTUAL_SALES": 6919100,
        "DAILY_TREND": [
            0,
            457800,
            2896600,
            0,
            0,
            3228000,
            -1551000,
            911000,
            -74000,
            1050700,
            0,
            0
        ]
    },
    {
        "BRAND": "V",
        "CHANNEL": "신세계V",
        "DIVISION": "프로모션",
        "PROMO_TYPE": "자체",
        "IS_EXCLUSIVE": false,
        "PROMO_NAME": "설 선물 제안",
        "START_DATE": "2025-01-13",
        "END_DATE": "2025-01-20",
        "STATUS": "closed",
        "SLOT": "",
        "IMAGE_URL": "",
        "BENEFIT_TYPE": "쿠폰",
        "BENEFIT_DETAIL": "25SS 10% 쿠폰, 패키지 발송",
        "GOAL_SALES": 0,
        "MD_COMMENT": "",
        "ACTUAL_SALES": 30912900,
        "DAILY_TREND": [
            7552900,
            638000,
            -133000,
            2487400,
            4152400,
            0,
            0,
            16215200
        ]
    },
    {
        "BRAND": "V",
        "CHANNEL": "신세계V",
        "DIVISION": "프로모션",
        "PROMO_TYPE": "자체",
        "IS_EXCLUSIVE": false,
        "PROMO_NAME": "임직원 프로모션",
        "START_DATE": "2025-01-17",
        "END_DATE": "2025-01-26",
        "STATUS": "closed",
        "SLOT": "",
        "IMAGE_URL": "",
        "BENEFIT_TYPE": "쿠폰",
        "BENEFIT_DETAIL": "20% 쿠폰",
        "GOAL_SALES": 0,
        "MD_COMMENT": "",
        "ACTUAL_SALES": 31446000,
        "DAILY_TREND": [
            4152400,
            0,
            0,
            16215200,
            2453400,
            998300,
            3653300,
            3973400,
            0,
            0
        ]
    },
    {
        "BRAND": "V",
        "CHANNEL": "신세계V",
        "DIVISION": "프로모션",
        "PROMO_TYPE": "자체",
        "IS_EXCLUSIVE": false,
        "PROMO_NAME": "지금부터 입기 좋은 프리미엄 지금부터 입기 좋은 프리미엄 ",
        "START_DATE": "2025-02-03",
        "END_DATE": "2025-02-09",
        "STATUS": "closed",
        "SLOT": "",
        "IMAGE_URL": "",
        "BENEFIT_TYPE": "쿠폰",
        "BENEFIT_DETAIL": "10% 쿠폰 + 5% 더블 쿠폰",
        "GOAL_SALES": 0,
        "MD_COMMENT": "",
        "ACTUAL_SALES": 19532400,
        "DAILY_TREND": [
            4787100,
            2287000,
            1766000,
            2122000,
            8570300,
            0,
            0
        ]
    },
    {
        "BRAND": "V",
        "CHANNEL": "신세계V",
        "DIVISION": "프로모션",
        "PROMO_TYPE": "자체",
        "IS_EXCLUSIVE": false,
        "PROMO_NAME": "브랜드 데이",
        "START_DATE": "2025-02-06",
        "END_DATE": "2025-02-06",
        "STATUS": "closed",
        "SLOT": "",
        "IMAGE_URL": "",
        "BENEFIT_TYPE": "쿠폰",
        "BENEFIT_DETAIL": "20% 쿠폰",
        "GOAL_SALES": 0,
        "MD_COMMENT": "",
        "ACTUAL_SALES": 2122000,
        "DAILY_TREND": [
            2122000
        ]
    },
    {
        "BRAND": "V",
        "CHANNEL": "신세계V",
        "DIVISION": "기획전",
        "PROMO_TYPE": "자체",
        "IS_EXCLUSIVE": false,
        "PROMO_NAME": "김지원 PRE-SPRING",
        "START_DATE": "2025-02-10",
        "END_DATE": "2025-02-16",
        "STATUS": "closed",
        "SLOT": "",
        "IMAGE_URL": "",
        "BENEFIT_TYPE": "쿠폰",
        "BENEFIT_DETAIL": "10% 쿠폰",
        "GOAL_SALES": 0,
        "MD_COMMENT": "",
        "ACTUAL_SALES": 24759500,
        "DAILY_TREND": [
            12273700,
            1225500,
            6115000,
            3914200,
            1231100,
            0,
            0
        ]
    },
    {
        "BRAND": "V",
        "CHANNEL": "신세계V",
        "DIVISION": "기획전",
        "PROMO_TYPE": "자체",
        "IS_EXCLUSIVE": false,
        "PROMO_NAME": "25SS 1차 캠페인",
        "START_DATE": "2025-02-17",
        "END_DATE": "2025-02-23",
        "STATUS": "closed",
        "SLOT": "",
        "IMAGE_URL": "",
        "BENEFIT_TYPE": "쿠폰, 사은품",
        "BENEFIT_DETAIL": "10% 쿠폰, 쇼핑백 증정",
        "GOAL_SALES": 0,
        "MD_COMMENT": "",
        "ACTUAL_SALES": 7722800,
        "DAILY_TREND": [
            8475200,
            -147600,
            106400,
            -2786000,
            2074800,
            0,
            0
        ]
    },
    {
        "BRAND": "V",
        "CHANNEL": "신세계V",
        "DIVISION": "기획전",
        "PROMO_TYPE": "자체",
        "IS_EXCLUSIVE": false,
        "PROMO_NAME": "김지원 25SS 1차",
        "START_DATE": "2025-02-25",
        "END_DATE": "2025-03-09",
        "STATUS": "closed",
        "SLOT": "",
        "IMAGE_URL": "",
        "BENEFIT_TYPE": "쿠폰, 사은품",
        "BENEFIT_DETAIL": "15% 쿠폰, 20만원 이상 쇼핑백 증정",
        "GOAL_SALES": 0,
        "MD_COMMENT": "",
        "ACTUAL_SALES": 20654700,
        "DAILY_TREND": [
            859000,
            2954400,
            1272800,
            -525400,
            0,
            0,
            0,
            10084500,
            2592400,
            2697000,
            720000,
            0,
            0
        ]
    },
    {
        "BRAND": "V",
        "CHANNEL": "신세계V",
        "DIVISION": "프로모션",
        "PROMO_TYPE": "자체",
        "IS_EXCLUSIVE": false,
        "PROMO_NAME": "24SS 아울렛",
        "START_DATE": "2025-03-10",
        "END_DATE": "2025-03-16",
        "STATUS": "closed",
        "SLOT": "",
        "IMAGE_URL": "",
        "BENEFIT_TYPE": "쿠폰",
        "BENEFIT_DETAIL": "10% 쿠폰",
        "GOAL_SALES": 0,
        "MD_COMMENT": "",
        "ACTUAL_SALES": 8025200,
        "DAILY_TREND": [
            6296000,
            3573800,
            -369000,
            1041000,
            -2516600,
            0,
            0
        ]
    },
    {
        "BRAND": "V",
        "CHANNEL": "신세계V",
        "DIVISION": "프로모션",
        "PROMO_TYPE": "전사",
        "IS_EXCLUSIVE": false,
        "PROMO_NAME": "25SS 신상 골프 컬렉션",
        "START_DATE": "2025-03-10",
        "END_DATE": "2025-03-16",
        "STATUS": "closed",
        "SLOT": "",
        "IMAGE_URL": "",
        "BENEFIT_TYPE": "쿠폰",
        "BENEFIT_DETAIL": "10% 쿠폰",
        "GOAL_SALES": 0,
        "MD_COMMENT": "",
        "ACTUAL_SALES": 8025200,
        "DAILY_TREND": [
            6296000,
            3573800,
            -369000,
            1041000,
            -2516600,
            0,
            0
        ]
    },
    {
        "BRAND": "V",
        "CHANNEL": "신세계V",
        "DIVISION": "프로모션",
        "PROMO_TYPE": "전사",
        "IS_EXCLUSIVE": false,
        "PROMO_NAME": "봄 아우터 모음",
        "START_DATE": "2025-03-17",
        "END_DATE": "2025-03-23",
        "STATUS": "closed",
        "SLOT": "",
        "IMAGE_URL": "",
        "BENEFIT_TYPE": "쿠폰",
        "BENEFIT_DETAIL": "10% 상품 쿠폰, 5% 쇼핑백 쿠폰",
        "GOAL_SALES": 0,
        "MD_COMMENT": "",
        "ACTUAL_SALES": 7200200,
        "DAILY_TREND": [
            4666400,
            670400,
            -994000,
            1164000,
            1693400,
            0,
            0
        ]
    },
    {
        "BRAND": "V",
        "CHANNEL": "신세계V",
        "DIVISION": "프로모션",
        "PROMO_TYPE": "자체",
        "IS_EXCLUSIVE": false,
        "PROMO_NAME": "임직원 시크릿 세일",
        "START_DATE": "2025-03-21",
        "END_DATE": "2025-03-30",
        "STATUS": "closed",
        "SLOT": "",
        "IMAGE_URL": "",
        "BENEFIT_TYPE": "쿠폰",
        "BENEFIT_DETAIL": "20% 쿠폰 (SI 15%:F&F 5%)",
        "GOAL_SALES": 0,
        "MD_COMMENT": "",
        "ACTUAL_SALES": 10585200,
        "DAILY_TREND": [
            1693400,
            0,
            0,
            6815400,
            1225000,
            230400,
            -357000,
            978000,
            0,
            0
        ]
    },
    {
        "BRAND": "V",
        "CHANNEL": "SSF샵",
        "DIVISION": "프로모션",
        "PROMO_TYPE": "자체",
        "IS_EXCLUSIVE": false,
        "PROMO_NAME": "임직원 세일",
        "START_DATE": "2024-12-30",
        "END_DATE": "2025-01-05",
        "STATUS": "closed",
        "SLOT": "",
        "IMAGE_URL": "",
        "BENEFIT_TYPE": "쿠폰",
        "BENEFIT_DETAIL": "15%, 20% 쿠폰",
        "GOAL_SALES": 0,
        "MD_COMMENT": "",
        "ACTUAL_SALES": 2178000,
        "DAILY_TREND": [
            0,
            0,
            0,
            -340500,
            2518500,
            0,
            0
        ]
    },
    {
        "BRAND": "V",
        "CHANNEL": "SSF샵",
        "DIVISION": "프로모션",
        "PROMO_TYPE": "자체",
        "IS_EXCLUSIVE": false,
        "PROMO_NAME": "24FW 첫 시즌 오프",
        "START_DATE": "2025-01-06",
        "END_DATE": "2025-01-19",
        "STATUS": "closed",
        "SLOT": "",
        "IMAGE_URL": "",
        "BENEFIT_TYPE": "쿠폰",
        "BENEFIT_DETAIL": "김지원 착용 15% 쿠폰",
        "GOAL_SALES": 0,
        "MD_COMMENT": "",
        "ACTUAL_SALES": 179393300,
        "DAILY_TREND": [
            6498500,
            1487000,
            189000,
            2702300,
            1698500,
            0,
            0,
            8661200,
            -1058700,
            11803700,
            58705300,
            88706500,
            0,
            0
        ]
    },
    {
        "BRAND": "V",
        "CHANNEL": "SSF샵",
        "DIVISION": "프로모션",
        "PROMO_TYPE": "전사",
        "IS_EXCLUSIVE": false,
        "PROMO_NAME": "골프 연합 행사",
        "START_DATE": "2025-01-07",
        "END_DATE": "2025-01-20",
        "STATUS": "closed",
        "SLOT": "",
        "IMAGE_URL": "",
        "BENEFIT_TYPE": "쿠폰, 리워드",
        "BENEFIT_DETAIL": "5만/7만/10만 쿠폰팩, 5%, 10% 페이백",
        "GOAL_SALES": 0,
        "MD_COMMENT": "",
        "ACTUAL_SALES": 241589700,
        "DAILY_TREND": [
            1487000,
            189000,
            2702300,
            1698500,
            0,
            0,
            8661200,
            -1058700,
            11803700,
            58705300,
            88706500,
            0,
            0,
            68694900
        ]
    },
    {
        "BRAND": "V",
        "CHANNEL": "SSF샵",
        "DIVISION": "프로모션",
        "PROMO_TYPE": "자체",
        "IS_EXCLUSIVE": false,
        "PROMO_NAME": "브랜드 포커스",
        "START_DATE": "2025-01-15",
        "END_DATE": "2025-01-18",
        "STATUS": "closed",
        "SLOT": "",
        "IMAGE_URL": "",
        "BENEFIT_TYPE": "쿠폰",
        "BENEFIT_DETAIL": "22F 20% 쿠폰, 그 외 15% 쿠폰",
        "GOAL_SALES": 0,
        "MD_COMMENT": "",
        "ACTUAL_SALES": 159215500,
        "DAILY_TREND": [
            11803700,
            58705300,
            88706500,
            0
        ]
    },
    {
        "BRAND": "V",
        "CHANNEL": "SSF샵",
        "DIVISION": "프로모션",
        "PROMO_TYPE": "전사",
        "IS_EXCLUSIVE": false,
        "PROMO_NAME": "1월 아우터 라스트 세일",
        "START_DATE": "2025-01-15",
        "END_DATE": "2025-01-21",
        "STATUS": "closed",
        "SLOT": "",
        "IMAGE_URL": "",
        "BENEFIT_TYPE": "쿠폰",
        "BENEFIT_DETAIL": "10% 쿠폰",
        "GOAL_SALES": 0,
        "MD_COMMENT": "",
        "ACTUAL_SALES": 235660100,
        "DAILY_TREND": [
            11803700,
            58705300,
            88706500,
            0,
            0,
            68694900,
            7749700
        ]
    },
    {
        "BRAND": "V",
        "CHANNEL": "SSF샵",
        "DIVISION": "프로모션",
        "PROMO_TYPE": "자체",
        "IS_EXCLUSIVE": false,
        "PROMO_NAME": "브랜드 포커스 연장 행사",
        "START_DATE": "2025-01-20",
        "END_DATE": "2025-02-02",
        "STATUS": "closed",
        "SLOT": "",
        "IMAGE_URL": "",
        "BENEFIT_TYPE": "쿠폰",
        "BENEFIT_DETAIL": "15% 쿠폰",
        "GOAL_SALES": 0,
        "MD_COMMENT": "",
        "ACTUAL_SALES": 121735100,
        "DAILY_TREND": [
            68694900,
            7749700,
            6232800,
            -8690800,
            -563500,
            0,
            0,
            22292600,
            0,
            0,
            0,
            26437400,
            -418000,
            0
        ]
    },
    {
        "BRAND": "V",
        "CHANNEL": "SSF샵",
        "DIVISION": "프로모션",
        "PROMO_TYPE": "자체",
        "IS_EXCLUSIVE": false,
        "PROMO_NAME": "아울렛 기획전",
        "START_DATE": "2025-02-03",
        "END_DATE": "2025-02-09",
        "STATUS": "closed",
        "SLOT": "",
        "IMAGE_URL": "",
        "BENEFIT_TYPE": "쿠폰",
        "BENEFIT_DETAIL": "10% 쿠폰",
        "GOAL_SALES": 0,
        "MD_COMMENT": "",
        "ACTUAL_SALES": 52655300,
        "DAILY_TREND": [
            16958000,
            3657900,
            10439500,
            15785400,
            5814500,
            0,
            0
        ]
    },
    {
        "BRAND": "V",
        "CHANNEL": "SSF샵",
        "DIVISION": "프로모션",
        "PROMO_TYPE": "전사",
        "IS_EXCLUSIVE": false,
        "PROMO_NAME": "시즌오프 라스트피스",
        "START_DATE": "2025-02-03",
        "END_DATE": "2025-02-09",
        "STATUS": "closed",
        "SLOT": "",
        "IMAGE_URL": "",
        "BENEFIT_TYPE": "쿠폰",
        "BENEFIT_DETAIL": "7% 장바구니 쿠폰",
        "GOAL_SALES": 0,
        "MD_COMMENT": "",
        "ACTUAL_SALES": 52655300,
        "DAILY_TREND": [
            16958000,
            3657900,
            10439500,
            15785400,
            5814500,
            0,
            0
        ]
    },
    {
        "BRAND": "V",
        "CHANNEL": "SSF샵",
        "DIVISION": "프로모션",
        "PROMO_TYPE": "자체",
        "IS_EXCLUSIVE": false,
        "PROMO_NAME": "김지원 PRE-SPRING",
        "START_DATE": "2025-02-10",
        "END_DATE": "2025-02-24",
        "STATUS": "closed",
        "SLOT": "",
        "IMAGE_URL": "",
        "BENEFIT_TYPE": "쿠폰",
        "BENEFIT_DETAIL": "10% 쿠폰",
        "GOAL_SALES": 0,
        "MD_COMMENT": "",
        "ACTUAL_SALES": 140625100,
        "DAILY_TREND": [
            49956200,
            12245800,
            8521800,
            9879900,
            6979000,
            0,
            0,
            27861000,
            9004500,
            3272900,
            2675200,
            -303500,
            0,
            0,
            10532300
        ]
    },
    {
        "BRAND": "V",
        "CHANNEL": "SSF샵",
        "DIVISION": "기획전",
        "PROMO_TYPE": "자체",
        "IS_EXCLUSIVE": false,
        "PROMO_NAME": "김지원 25SS 1차",
        "START_DATE": "2025-03-03",
        "END_DATE": "2025-03-16",
        "STATUS": "closed",
        "SLOT": "",
        "IMAGE_URL": "",
        "BENEFIT_TYPE": "쿠폰, 사은품",
        "BENEFIT_DETAIL": "10% 쿠폰, 김지원 착용 15%, 신상 구매시 쇼핑백 증정",
        "GOAL_SALES": 0,
        "MD_COMMENT": "",
        "ACTUAL_SALES": 46464800,
        "DAILY_TREND": [
            0,
            7160100,
            9588900,
            4998600,
            4740400,
            0,
            0,
            15800000,
            2072000,
            -585400,
            2723000,
            -32800,
            0,
            0
        ]
    },
    {
        "BRAND": "V",
        "CHANNEL": "SSF샵",
        "DIVISION": "프로모션",
        "PROMO_TYPE": "전사",
        "IS_EXCLUSIVE": false,
        "PROMO_NAME": "골프연합 브랜드 위크",
        "START_DATE": "2025-03-10",
        "END_DATE": "2025-03-17",
        "STATUS": "closed",
        "SLOT": "",
        "IMAGE_URL": "",
        "BENEFIT_TYPE": "쿠폰, 리워드",
        "BENEFIT_DETAIL": "5만/7만/10만 쿠폰팩, 1만/2만 페이백",
        "GOAL_SALES": 0,
        "MD_COMMENT": "",
        "ACTUAL_SALES": 26783400,
        "DAILY_TREND": [
            15800000,
            2072000,
            -585400,
            2723000,
            -32800,
            0,
            0,
            6806600
        ]
    },
    {
        "BRAND": "V",
        "CHANNEL": "SSF샵",
        "DIVISION": "프로모션",
        "PROMO_TYPE": "전사",
        "IS_EXCLUSIVE": false,
        "PROMO_NAME": "골프연합 스웨트셔츠&후디 페스타",
        "START_DATE": "2025-03-17",
        "END_DATE": "2025-03-27",
        "STATUS": "closed",
        "SLOT": "",
        "IMAGE_URL": "",
        "BENEFIT_TYPE": "쿠폰",
        "BENEFIT_DETAIL": "5만/7만/10만 쿠폰팩",
        "GOAL_SALES": 0,
        "MD_COMMENT": "",
        "ACTUAL_SALES": 19799800,
        "DAILY_TREND": [
            6806600,
            525000,
            -2407200,
            1270200,
            226400,
            0,
            0,
            3798000,
            3436400,
            728400,
            5416000
        ]
    },
    {
        "BRAND": "V",
        "CHANNEL": "SSF샵",
        "DIVISION": "기획전",
        "PROMO_TYPE": "자체",
        "IS_EXCLUSIVE": false,
        "PROMO_NAME": "25SS 1차 캠페인",
        "START_DATE": "2025-03-17",
        "END_DATE": "2025-03-23",
        "STATUS": "closed",
        "SLOT": "",
        "IMAGE_URL": "",
        "BENEFIT_TYPE": "쿠폰",
        "BENEFIT_DETAIL": "10% 쿠폰",
        "GOAL_SALES": 0,
        "MD_COMMENT": "",
        "ACTUAL_SALES": 6421000,
        "DAILY_TREND": [
            6806600,
            525000,
            -2407200,
            1270200,
            226400,
            0,
            0
        ]
    },
    {
        "BRAND": "V",
        "CHANNEL": "SSF샵",
        "DIVISION": "프로모션",
        "PROMO_TYPE": "자체",
        "IS_EXCLUSIVE": false,
        "PROMO_NAME": "봄 아울렛",
        "START_DATE": "2025-03-24",
        "END_DATE": "2025-03-30",
        "STATUS": "closed",
        "SLOT": "",
        "IMAGE_URL": "",
        "BENEFIT_TYPE": "쿠폰",
        "BENEFIT_DETAIL": "15% 쿠폰",
        "GOAL_SALES": 0,
        "MD_COMMENT": "",
        "ACTUAL_SALES": 20320200,
        "DAILY_TREND": [
            3798000,
            3436400,
            728400,
            5416000,
            6941400,
            0,
            0
        ]
    },
    {
        "BRAND": "V",
        "CHANNEL": "SSG닷컴",
        "DIVISION": "프로모션",
        "PROMO_TYPE": "전사",
        "IS_EXCLUSIVE": false,
        "PROMO_NAME": "신년맞이 럭셔리 페스타 / SSG 신년 페스타",
        "START_DATE": "2025-01-01",
        "END_DATE": "2025-01-05",
        "STATUS": "closed",
        "SLOT": "",
        "IMAGE_URL": "",
        "BENEFIT_TYPE": "쿠폰",
        "BENEFIT_DETAIL": "1만원 이상 10% (최대 2만원/반반부담)",
        "GOAL_SALES": 0,
        "MD_COMMENT": "",
        "ACTUAL_SALES": 4893000,
        "DAILY_TREND": [
            425000,
            -1272000,
            5740000,
            0,
            0
        ]
    },
    {
        "BRAND": "V",
        "CHANNEL": "SSG닷컴",
        "DIVISION": "프로모션",
        "PROMO_TYPE": "전사",
        "IS_EXCLUSIVE": false,
        "PROMO_NAME": "쇼핑익스프레스_ 명품 클리어런스 세일",
        "START_DATE": "2025-01-06",
        "END_DATE": "2025-01-12",
        "STATUS": "closed",
        "SLOT": "",
        "IMAGE_URL": "",
        "BENEFIT_TYPE": "쿠폰",
        "BENEFIT_DETAIL": "1만원 이상 8% (최대 1.5만원 /반반부담)",
        "GOAL_SALES": 0,
        "MD_COMMENT": "",
        "ACTUAL_SALES": 16782400,
        "DAILY_TREND": [
            9460000,
            1047400,
            3063000,
            1182000,
            2030000,
            0,
            0
        ]
    },
    {
        "BRAND": "V",
        "CHANNEL": "SSG닷컴",
        "DIVISION": "프로모션",
        "PROMO_TYPE": "전사",
        "IS_EXCLUSIVE": false,
        "PROMO_NAME": "명품 클리어런스 앵콜특가",
        "START_DATE": "2025-01-13",
        "END_DATE": "2025-01-19",
        "STATUS": "closed",
        "SLOT": "",
        "IMAGE_URL": "",
        "BENEFIT_TYPE": "",
        "BENEFIT_DETAIL": "(대체)SSG 공식명품관 메인롤링 24FW 시즌오프 15% 30%",
        "GOAL_SALES": 0,
        "MD_COMMENT": "",
        "ACTUAL_SALES": 1335100,
        "DAILY_TREND": [
            6725600,
            124900,
            -2403000,
            -155000,
            -2957400,
            0,
            0
        ]
    },
    {
        "BRAND": "V",
        "CHANNEL": "SSG닷컴",
        "DIVISION": "프로모션",
        "PROMO_TYPE": "자체",
        "IS_EXCLUSIVE": false,
        "PROMO_NAME": "피오카 타임딜+해피 뉴 기프트",
        "START_DATE": "2025-01-20",
        "END_DATE": "2025-01-26",
        "STATUS": "closed",
        "SLOT": "",
        "IMAGE_URL": "",
        "BENEFIT_TYPE": "쿠폰",
        "BENEFIT_DETAIL": "15%",
        "GOAL_SALES": 0,
        "MD_COMMENT": "",
        "ACTUAL_SALES": 6971900,
        "DAILY_TREND": [
            1057300,
            1531100,
            1765100,
            55000,
            2563400,
            0,
            0
        ]
    },
    {
        "BRAND": "V",
        "CHANNEL": "SSG닷컴",
        "DIVISION": "프로모션",
        "PROMO_TYPE": "전사",
        "IS_EXCLUSIVE": false,
        "PROMO_NAME": "임직원 행사[명절 쇼확행]",
        "START_DATE": "2025-01-24",
        "END_DATE": "2025-01-30",
        "STATUS": "closed",
        "SLOT": "",
        "IMAGE_URL": "",
        "BENEFIT_TYPE": "쿠폰",
        "BENEFIT_DETAIL": "7만원 이상 8% 최대 5만원 (ID당 1매) / 카드 할인 00% (미정)",
        "GOAL_SALES": 0,
        "MD_COMMENT": "",
        "ACTUAL_SALES": 8319300,
        "DAILY_TREND": [
            2563400,
            0,
            0,
            5755900,
            0,
            0,
            0
        ]
    },
    {
        "BRAND": "V",
        "CHANNEL": "SSG닷컴",
        "DIVISION": "프로모션",
        "PROMO_TYPE": "자체",
        "IS_EXCLUSIVE": false,
        "PROMO_NAME": "명품관 브랜드 수동구좌",
        "START_DATE": "2025-01-27",
        "END_DATE": "2025-02-02",
        "STATUS": "closed",
        "SLOT": "",
        "IMAGE_URL": "",
        "BENEFIT_TYPE": "",
        "BENEFIT_DETAIL": "",
        "GOAL_SALES": 0,
        "MD_COMMENT": "",
        "ACTUAL_SALES": 7186900,
        "DAILY_TREND": [
            5755900,
            0,
            0,
            0,
            1431000,
            0,
            0
        ]
    },
    {
        "BRAND": "V",
        "CHANNEL": "SSG닷컴",
        "DIVISION": "기획전",
        "PROMO_TYPE": "자체",
        "IS_EXCLUSIVE": false,
        "PROMO_NAME": "공식 명품관 메인롤링 / 김지원 PRE SPRING",
        "START_DATE": "2025-02-03",
        "END_DATE": "2025-02-09",
        "STATUS": "closed",
        "SLOT": "",
        "IMAGE_URL": "",
        "BENEFIT_TYPE": "쿠폰",
        "BENEFIT_DETAIL": "25SS 10%",
        "GOAL_SALES": 0,
        "MD_COMMENT": "",
        "ACTUAL_SALES": 6646400,
        "DAILY_TREND": [
            1797000,
            -193600,
            2621000,
            -670000,
            3092000,
            0,
            0
        ]
    },
    {
        "BRAND": "V",
        "CHANNEL": "SSG닷컴",
        "DIVISION": "프로모션",
        "PROMO_TYPE": "자체",
        "IS_EXCLUSIVE": false,
        "PROMO_NAME": "공식 명품관 메인롤링 / 피오카 타임딜",
        "START_DATE": "2025-02-10",
        "END_DATE": "2025-02-16",
        "STATUS": "closed",
        "SLOT": "",
        "IMAGE_URL": "",
        "BENEFIT_TYPE": "쿠폰",
        "BENEFIT_DETAIL": "24FW 10%(브랜드) 24FW남성&피오카 15%",
        "GOAL_SALES": 0,
        "MD_COMMENT": "",
        "ACTUAL_SALES": 24912500,
        "DAILY_TREND": [
            9486700,
            2912400,
            4312500,
            3413300,
            4787600,
            0,
            0
        ]
    },
    {
        "BRAND": "V",
        "CHANNEL": "SSG닷컴",
        "DIVISION": "프로모션",
        "PROMO_TYPE": "전사",
        "IS_EXCLUSIVE": false,
        "PROMO_NAME": "명품 쇼핑익스프레스",
        "START_DATE": "2025-02-17",
        "END_DATE": "2025-02-23",
        "STATUS": "closed",
        "SLOT": "",
        "IMAGE_URL": "",
        "BENEFIT_TYPE": "쿠폰",
        "BENEFIT_DETAIL": "쇼핑익스프레스 7만원이상 8% 1만원이상 7%",
        "GOAL_SALES": 0,
        "MD_COMMENT": "",
        "ACTUAL_SALES": 16299000,
        "DAILY_TREND": [
            6769800,
            2869400,
            1424800,
            1257800,
            3977200,
            0,
            0
        ]
    },
    {
        "BRAND": "V",
        "CHANNEL": "SSG닷컴",
        "DIVISION": "프로모션",
        "PROMO_TYPE": "자체",
        "IS_EXCLUSIVE": false,
        "PROMO_NAME": "SSG 임직원 행사",
        "START_DATE": "2025-02-17",
        "END_DATE": "2025-02-23",
        "STATUS": "closed",
        "SLOT": "",
        "IMAGE_URL": "",
        "BENEFIT_TYPE": "쿠폰",
        "BENEFIT_DETAIL": "임직원 20% 반반",
        "GOAL_SALES": 0,
        "MD_COMMENT": "",
        "ACTUAL_SALES": 16299000,
        "DAILY_TREND": [
            6769800,
            2869400,
            1424800,
            1257800,
            3977200,
            0,
            0
        ]
    },
    {
        "BRAND": "V",
        "CHANNEL": "SSG닷컴",
        "DIVISION": "프로모션",
        "PROMO_TYPE": "자체",
        "IS_EXCLUSIVE": false,
        "PROMO_NAME": "공식 명품관 메인롤링 / 명품관 브랜드 수동구좌 ",
        "START_DATE": "2025-02-24",
        "END_DATE": "2025-03-02",
        "STATUS": "closed",
        "SLOT": "",
        "IMAGE_URL": "",
        "BENEFIT_TYPE": "쿠폰",
        "BENEFIT_DETAIL": "김지원 MAIN 2SS 10%",
        "GOAL_SALES": 0,
        "MD_COMMENT": "",
        "ACTUAL_SALES": 10748600,
        "DAILY_TREND": [
            9008400,
            888600,
            3305200,
            -2007600,
            -446000,
            0,
            0
        ]
    },
    {
        "BRAND": "V",
        "CHANNEL": "SSG닷컴",
        "DIVISION": "프로모션",
        "PROMO_TYPE": "자체",
        "IS_EXCLUSIVE": false,
        "PROMO_NAME": " S/S 럭셔리 패션위크 / 공식 명품관 메인롤링 / 명품 딜노출",
        "START_DATE": "2025-03-03",
        "END_DATE": "2025-03-09",
        "STATUS": "closed",
        "SLOT": "",
        "IMAGE_URL": "",
        "BENEFIT_TYPE": "쿠폰",
        "BENEFIT_DETAIL": "25SS 15% / 신상 제외 전상품 상시 5% / 김지원 MAIN 2SS 15%",
        "GOAL_SALES": 0,
        "MD_COMMENT": "",
        "ACTUAL_SALES": 15937300,
        "DAILY_TREND": [
            0,
            6291000,
            5572200,
            2076000,
            1998100,
            0,
            0
        ]
    },
    {
        "BRAND": "V",
        "CHANNEL": "SSG닷컴",
        "DIVISION": "프로모션",
        "PROMO_TYPE": "전사",
        "IS_EXCLUSIVE": false,
        "PROMO_NAME": "럭셔리 화이트데이 + 창립행사★ / 공식 명품관",
        "START_DATE": "2025-03-10",
        "END_DATE": "2025-03-16",
        "STATUS": "closed",
        "SLOT": "",
        "IMAGE_URL": "",
        "BENEFIT_TYPE": "쿠폰",
        "BENEFIT_DETAIL": "25SS 15% / 신상 제외 전상품 상시 5% / 해피벌쓱데이 12%(반반)",
        "GOAL_SALES": 0,
        "MD_COMMENT": "",
        "ACTUAL_SALES": 13696800,
        "DAILY_TREND": [
            11726200,
            955000,
            173200,
            1336800,
            -494400,
            0,
            0
        ]
    },
    {
        "BRAND": "V",
        "CHANNEL": "SSG닷컴",
        "DIVISION": "프로모션",
        "PROMO_TYPE": "전사",
        "IS_EXCLUSIVE": false,
        "PROMO_NAME": "패션&명품 쓱세일 / 공식 명품관",
        "START_DATE": "2025-03-17",
        "END_DATE": "2025-03-23",
        "STATUS": "closed",
        "SLOT": "",
        "IMAGE_URL": "",
        "BENEFIT_TYPE": "쿠폰",
        "BENEFIT_DETAIL": "15만원 이상 10%, 최대 15만원 (50:50부담) / ID당 2매 발급",
        "GOAL_SALES": 0,
        "MD_COMMENT": "",
        "ACTUAL_SALES": 11410100,
        "DAILY_TREND": [
            2696500,
            2555800,
            5444400,
            663400,
            50000,
            0,
            0
        ]
    },
    {
        "BRAND": "V",
        "CHANNEL": "SSG닷컴",
        "DIVISION": "프로모션",
        "PROMO_TYPE": "전사",
        "IS_EXCLUSIVE": false,
        "PROMO_NAME": "웰컴 스프링 컬렉션",
        "START_DATE": "2025-03-24",
        "END_DATE": "2025-03-30",
        "STATUS": "closed",
        "SLOT": "",
        "IMAGE_URL": "",
        "BENEFIT_TYPE": "쿠폰",
        "BENEFIT_DETAIL": "김지원착장 15%, 전상품 5%",
        "GOAL_SALES": 0,
        "MD_COMMENT": "",
        "ACTUAL_SALES": 15036400,
        "DAILY_TREND": [
            10983000,
            1344000,
            2614000,
            -934000,
            1029400,
            0,
            0
        ]
    },
    {
        "BRAND": "V",
        "CHANNEL": "롯데ON",
        "DIVISION": "프로모션",
        "PROMO_TYPE": "전사",
        "IS_EXCLUSIVE": false,
        "PROMO_NAME": "럭셔리위크",
        "START_DATE": "2025-01-01",
        "END_DATE": "2025-01-07",
        "STATUS": "closed",
        "SLOT": "",
        "IMAGE_URL": "",
        "BENEFIT_TYPE": "쿠폰",
        "BENEFIT_DETAIL": "15% 대상상품 (10% 롯데온: 5% 듀베) / 30% (반반부담) (24FW 시즌오프 15% 30%)",
        "GOAL_SALES": 0,
        "MD_COMMENT": "",
        "ACTUAL_SALES": 2036000,
        "DAILY_TREND": [
            0,
            -1090000,
            478000,
            0,
            0,
            2409000,
            239000
        ]
    },
    {
        "BRAND": "V",
        "CHANNEL": "롯데ON",
        "DIVISION": "프로모션",
        "PROMO_TYPE": "전사",
        "IS_EXCLUSIVE": false,
        "PROMO_NAME": "패완특 행사",
        "START_DATE": "2025-01-06",
        "END_DATE": "2025-01-12",
        "STATUS": "closed",
        "SLOT": "",
        "IMAGE_URL": "",
        "BENEFIT_TYPE": "쿠폰",
        "BENEFIT_DETAIL": "15% 대상상품 (10% 롯데온 부담 : 5% 듀베부담) / 30% 대상상품 (반반부담)",
        "GOAL_SALES": 0,
        "MD_COMMENT": "",
        "ACTUAL_SALES": 2409000,
        "DAILY_TREND": [
            2409000,
            239000,
            0,
            -239000,
            0,
            0,
            0
        ]
    },
    {
        "BRAND": "V",
        "CHANNEL": "롯데ON",
        "DIVISION": "프로모션",
        "PROMO_TYPE": "자체",
        "IS_EXCLUSIVE": false,
        "PROMO_NAME": " 홈 메인 하단에 기획전 노출",
        "START_DATE": "2025-01-13",
        "END_DATE": "2025-01-19",
        "STATUS": "closed",
        "SLOT": "",
        "IMAGE_URL": "",
        "BENEFIT_TYPE": "",
        "BENEFIT_DETAIL": "",
        "GOAL_SALES": 0,
        "MD_COMMENT": "",
        "ACTUAL_SALES": -3646400,
        "DAILY_TREND": [
            -1127400,
            -1290000,
            -1229000,
            0,
            0,
            0,
            0
        ]
    },
    {
        "BRAND": "V",
        "CHANNEL": "롯데ON",
        "DIVISION": "프로모션",
        "PROMO_TYPE": "자체",
        "IS_EXCLUSIVE": false,
        "PROMO_NAME": "딜크릿",
        "START_DATE": "2025-01-08",
        "END_DATE": "2025-01-09",
        "STATUS": "closed",
        "SLOT": "",
        "IMAGE_URL": "",
        "BENEFIT_TYPE": "쿠폰",
        "BENEFIT_DETAIL": "24F 15%,30% (CM15%)",
        "GOAL_SALES": 0,
        "MD_COMMENT": "",
        "ACTUAL_SALES": -239000,
        "DAILY_TREND": [
            0,
            -239000
        ]
    },
    {
        "BRAND": "V",
        "CHANNEL": "롯데ON",
        "DIVISION": "프로모션",
        "PROMO_TYPE": "전사",
        "IS_EXCLUSIVE": false,
        "PROMO_NAME": "24FW 시즌오프 (주목해야할 기획전/패션탭 월~수 빌보드)",
        "START_DATE": "2025-01-20",
        "END_DATE": "2025-01-27",
        "STATUS": "closed",
        "SLOT": "",
        "IMAGE_URL": "",
        "BENEFIT_TYPE": "",
        "BENEFIT_DETAIL": "",
        "GOAL_SALES": 0,
        "MD_COMMENT": "",
        "ACTUAL_SALES": 949000,
        "DAILY_TREND": [
            154700,
            613000,
            0,
            0,
            181300,
            0,
            0,
            0
        ]
    },
    {
        "BRAND": "V",
        "CHANNEL": "롯데ON",
        "DIVISION": "프로모션",
        "PROMO_TYPE": "자체",
        "IS_EXCLUSIVE": false,
        "PROMO_NAME": "패션탭 퀵메뉴",
        "START_DATE": "2025-01-27",
        "END_DATE": "2025-02-02",
        "STATUS": "closed",
        "SLOT": "",
        "IMAGE_URL": "",
        "BENEFIT_TYPE": "",
        "BENEFIT_DETAIL": "",
        "GOAL_SALES": 0,
        "MD_COMMENT": "",
        "ACTUAL_SALES": 0,
        "DAILY_TREND": [
            0,
            0,
            0,
            0,
            0,
            0,
            0
        ]
    },
    {
        "BRAND": "V",
        "CHANNEL": "롯데ON",
        "DIVISION": "프로모션",
        "PROMO_TYPE": "자체",
        "IS_EXCLUSIVE": false,
        "PROMO_NAME": "패션탭 명절행사",
        "START_DATE": "2025-01-29",
        "END_DATE": "2025-01-29",
        "STATUS": "closed",
        "SLOT": "",
        "IMAGE_URL": "",
        "BENEFIT_TYPE": "",
        "BENEFIT_DETAIL": "",
        "GOAL_SALES": 0,
        "MD_COMMENT": "",
        "ACTUAL_SALES": 0,
        "DAILY_TREND": [
            0
        ]
    },
    {
        "BRAND": "V",
        "CHANNEL": "롯데ON",
        "DIVISION": "프로모션",
        "PROMO_TYPE": "전사",
        "IS_EXCLUSIVE": false,
        "PROMO_NAME": "럭셔리어워즈",
        "START_DATE": "2025-01-22",
        "END_DATE": "2025-01-31",
        "STATUS": "closed",
        "SLOT": "",
        "IMAGE_URL": "",
        "BENEFIT_TYPE": "",
        "BENEFIT_DETAIL": "",
        "GOAL_SALES": 0,
        "MD_COMMENT": "",
        "ACTUAL_SALES": 181300,
        "DAILY_TREND": [
            0,
            0,
            181300,
            0,
            0,
            0,
            0,
            0,
            0,
            0
        ]
    },
    {
        "BRAND": "V",
        "CHANNEL": "롯데ON",
        "DIVISION": "프로모션",
        "PROMO_TYPE": "전사",
        "IS_EXCLUSIVE": false,
        "PROMO_NAME": "럭셔리위크 / 럭셔리 쇼룸",
        "START_DATE": "2025-02-01",
        "END_DATE": "2025-02-07",
        "STATUS": "closed",
        "SLOT": "",
        "IMAGE_URL": "",
        "BENEFIT_TYPE": "",
        "BENEFIT_DETAIL": "",
        "GOAL_SALES": 0,
        "MD_COMMENT": "",
        "ACTUAL_SALES": 350000,
        "DAILY_TREND": [
            0,
            0,
            0,
            0,
            181300,
            168700,
            0
        ]
    },
    {
        "BRAND": "V",
        "CHANNEL": "롯데ON",
        "DIVISION": "프로모션",
        "PROMO_TYPE": "자체",
        "IS_EXCLUSIVE": false,
        "PROMO_NAME": "김지원 PRE",
        "START_DATE": "2025-02-04",
        "END_DATE": "2025-02-05",
        "STATUS": "closed",
        "SLOT": "",
        "IMAGE_URL": "",
        "BENEFIT_TYPE": "쿠폰",
        "BENEFIT_DETAIL": "25SS 10%",
        "GOAL_SALES": 0,
        "MD_COMMENT": "",
        "ACTUAL_SALES": 181300,
        "DAILY_TREND": [
            0,
            181300
        ]
    },
    {
        "BRAND": "V",
        "CHANNEL": "롯데ON",
        "DIVISION": "프로모션",
        "PROMO_TYPE": "자체",
        "IS_EXCLUSIVE": false,
        "PROMO_NAME": "25SS 신상 + 24FW 시즌오프 아울렛",
        "START_DATE": "2025-02-10",
        "END_DATE": "2025-02-16",
        "STATUS": "closed",
        "SLOT": "",
        "IMAGE_URL": "",
        "BENEFIT_TYPE": "쿠폰",
        "BENEFIT_DETAIL": "25SS 10% + 24FW 30% (카드할인 7% 반반",
        "GOAL_SALES": 0,
        "MD_COMMENT": "",
        "ACTUAL_SALES": 1043000,
        "DAILY_TREND": [
            0,
            1043000,
            0,
            0,
            0,
            0,
            0
        ]
    },
    {
        "BRAND": "V",
        "CHANNEL": "롯데ON",
        "DIVISION": "프로모션",
        "PROMO_TYPE": "자체",
        "IS_EXCLUSIVE": false,
        "PROMO_NAME": "발렌타인 선물",
        "START_DATE": "2025-02-10",
        "END_DATE": "2025-02-16",
        "STATUS": "closed",
        "SLOT": "",
        "IMAGE_URL": "",
        "BENEFIT_TYPE": "사은품",
        "BENEFIT_DETAIL": "쇼핑팩/패키지",
        "GOAL_SALES": 0,
        "MD_COMMENT": "",
        "ACTUAL_SALES": 1043000,
        "DAILY_TREND": [
            0,
            1043000,
            0,
            0,
            0,
            0,
            0
        ]
    },
    {
        "BRAND": "V",
        "CHANNEL": "롯데ON",
        "DIVISION": "프로모션",
        "PROMO_TYPE": "전사",
        "IS_EXCLUSIVE": false,
        "PROMO_NAME": "패션 스포트라이트",
        "START_DATE": "2025-02-17",
        "END_DATE": "2025-02-26",
        "STATUS": "closed",
        "SLOT": "",
        "IMAGE_URL": "",
        "BENEFIT_TYPE": "",
        "BENEFIT_DETAIL": "",
        "GOAL_SALES": 0,
        "MD_COMMENT": "",
        "ACTUAL_SALES": 1942000,
        "DAILY_TREND": [
            1812000,
            0,
            0,
            0,
            0,
            0,
            0,
            130000,
            0,
            0
        ]
    },
    {
        "BRAND": "V",
        "CHANNEL": "롯데ON",
        "DIVISION": "기획전",
        "PROMO_TYPE": "자체",
        "IS_EXCLUSIVE": false,
        "PROMO_NAME": "김지원 PRE 25SS ",
        "START_DATE": "2025-02-27",
        "END_DATE": "2025-03-02",
        "STATUS": "closed",
        "SLOT": "",
        "IMAGE_URL": "",
        "BENEFIT_TYPE": "쿠폰",
        "BENEFIT_DETAIL": "25SS 10% + 아울렛",
        "GOAL_SALES": 0,
        "MD_COMMENT": "",
        "ACTUAL_SALES": 1058000,
        "DAILY_TREND": [
            1058000,
            0,
            0,
            0
        ]
    },
    {
        "BRAND": "V",
        "CHANNEL": "롯데ON",
        "DIVISION": "기획전",
        "PROMO_TYPE": "자체",
        "IS_EXCLUSIVE": false,
        "PROMO_NAME": "김지원 MAIN 25SS (홈메인빌보드) + 아울렛 ",
        "START_DATE": "2025-03-03",
        "END_DATE": "2025-03-09",
        "STATUS": "closed",
        "SLOT": "",
        "IMAGE_URL": "",
        "BENEFIT_TYPE": "쿠폰",
        "BENEFIT_DETAIL": "25ss 15% , 22ss 23ss 10%",
        "GOAL_SALES": 0,
        "MD_COMMENT": "",
        "ACTUAL_SALES": 2381400,
        "DAILY_TREND": [
            0,
            130000,
            790000,
            0,
            1461400,
            0,
            0
        ]
    },
    {
        "BRAND": "V",
        "CHANNEL": "SSG닷컴",
        "DIVISION": "프로모션",
        "PROMO_TYPE": "자체",
        "IS_EXCLUSIVE": false,
        "PROMO_NAME": "아울렛 일반",
        "START_DATE": "2025-03-17",
        "END_DATE": "2025-03-23",
        "STATUS": "closed",
        "SLOT": "",
        "IMAGE_URL": "",
        "BENEFIT_TYPE": "쿠폰",
        "BENEFIT_DETAIL": "아울렛 40~60% 할인 / 상품>15% 쿠폰 / SSG 행사 쿠폰(장바구니)",
        "GOAL_SALES": 0,
        "MD_COMMENT": "",
        "ACTUAL_SALES": 11410100,
        "DAILY_TREND": [
            2696500,
            2555800,
            5444400,
            663400,
            50000,
            0,
            0
        ]
    },
    {
        "BRAND": "V",
        "CHANNEL": "SSG닷컴",
        "DIVISION": "프로모션",
        "PROMO_TYPE": "자체",
        "IS_EXCLUSIVE": false,
        "PROMO_NAME": "임직원",
        "START_DATE": "2025-03-17",
        "END_DATE": "2025-03-23",
        "STATUS": "closed",
        "SLOT": "",
        "IMAGE_URL": "",
        "BENEFIT_TYPE": "쿠폰",
        "BENEFIT_DETAIL": "임직원 20%",
        "GOAL_SALES": 0,
        "MD_COMMENT": "",
        "ACTUAL_SALES": 11410100,
        "DAILY_TREND": [
            2696500,
            2555800,
            5444400,
            663400,
            50000,
            0,
            0
        ]
    },
    {
        "BRAND": "V",
        "CHANNEL": "롯데ON",
        "DIVISION": "기획전",
        "PROMO_TYPE": "자체",
        "IS_EXCLUSIVE": false,
        "PROMO_NAME": "25SS 캠페인",
        "START_DATE": "2025-03-24",
        "END_DATE": "2025-03-30",
        "STATUS": "closed",
        "SLOT": "",
        "IMAGE_URL": "",
        "BENEFIT_TYPE": "쿠폰",
        "BENEFIT_DETAIL": "25SS 10%",
        "GOAL_SALES": 0,
        "MD_COMMENT": "",
        "ACTUAL_SALES": 1729400,
        "DAILY_TREND": [
            570000,
            867400,
            0,
            430000,
            -138000,
            0,
            0
        ]
    },
    {
        "BRAND": "V",
        "CHANNEL": "무신사",
        "DIVISION": "프로모션",
        "PROMO_TYPE": "자체",
        "IS_EXCLUSIVE": false,
        "PROMO_NAME": "한파 대비 다운 기획전",
        "START_DATE": "2025-12-29",
        "END_DATE": "2026-01-04",
        "STATUS": "closed",
        "SLOT": "부티크관 메인배너",
        "IMAGE_URL": "",
        "BENEFIT_TYPE": "쿠폰",
        "BENEFIT_DETAIL": "이월 10% 쿠폰",
        "GOAL_SALES": 0,
        "MD_COMMENT": "",
        "ACTUAL_SALES": 16296700,
        "DAILY_TREND": [
            1373000,
            1874400,
            1938600,
            0,
            3398400,
            0,
            7712300
        ]
    },
    {
        "BRAND": "V",
        "CHANNEL": "무신사",
        "DIVISION": "프로모션",
        "PROMO_TYPE": "전사",
        "IS_EXCLUSIVE": false,
        "PROMO_NAME": "멤버스데이",
        "START_DATE": "2026-01-01",
        "END_DATE": "2026-01-04",
        "STATUS": "closed",
        "SLOT": "부티크관 메인배너/전사행사장",
        "IMAGE_URL": "",
        "BENEFIT_TYPE": "쿠폰",
        "BENEFIT_DETAIL": "이월 10% 쿠폰",
        "GOAL_SALES": 0,
        "MD_COMMENT": "",
        "ACTUAL_SALES": 11110700,
        "DAILY_TREND": [
            0,
            3398400,
            0,
            7712300
        ]
    },
    {
        "BRAND": "V",
        "CHANNEL": "무신사",
        "DIVISION": "프로모션",
        "PROMO_TYPE": "자체",
        "IS_EXCLUSIVE": false,
        "PROMO_NAME": "스웨트셔츠 & 니트웨어",
        "START_DATE": "2026-01-05",
        "END_DATE": "2026-01-11",
        "STATUS": "closed",
        "SLOT": "부티크관 메인배너",
        "IMAGE_URL": "",
        "BENEFIT_TYPE": "쿠폰",
        "BENEFIT_DETAIL": "이월 10% 쿠폰",
        "GOAL_SALES": 0,
        "MD_COMMENT": "",
        "ACTUAL_SALES": 6651800,
        "DAILY_TREND": [
            897700,
            445000,
            446000,
            2028700,
            1555400,
            0,
            1279000
        ]
    },
    {
        "BRAND": "V",
        "CHANNEL": "무신사",
        "DIVISION": "프로모션",
        "PROMO_TYPE": "전사",
        "IS_EXCLUSIVE": false,
        "PROMO_NAME": "1월 슈즈 위크",
        "START_DATE": "2026-01-09",
        "END_DATE": "2026-01-19",
        "STATUS": "closed",
        "SLOT": "부티크관 메인배너/전사행사장",
        "IMAGE_URL": "",
        "BENEFIT_TYPE": "쿠폰",
        "BENEFIT_DETAIL": "이월 슈즈 10% 쿠폰",
        "GOAL_SALES": 0,
        "MD_COMMENT": "",
        "ACTUAL_SALES": 11083800,
        "DAILY_TREND": [
            1555400,
            0,
            1279000,
            -1681500,
            3674400,
            4447000,
            -203000,
            -941900,
            0,
            291000,
            2663400
        ]
    },
    {
        "BRAND": "V",
        "CHANNEL": "무신사",
        "DIVISION": "프로모션",
        "PROMO_TYPE": "자체",
        "IS_EXCLUSIVE": false,
        "PROMO_NAME": "방한용품",
        "START_DATE": "2026-01-12",
        "END_DATE": "2026-01-18",
        "STATUS": "closed",
        "SLOT": "부티크관 메인배너",
        "IMAGE_URL": "",
        "BENEFIT_TYPE": "쿠폰",
        "BENEFIT_DETAIL": "윈터 악세 10% 쿠폰",
        "GOAL_SALES": 0,
        "MD_COMMENT": "",
        "ACTUAL_SALES": 5586000,
        "DAILY_TREND": [
            -1681500,
            3674400,
            4447000,
            -203000,
            -941900,
            0,
            291000
        ]
    },
    {
        "BRAND": "V",
        "CHANNEL": "네이버스토어",
        "DIVISION": "프로모션",
        "PROMO_TYPE": "전사",
        "IS_EXCLUSIVE": false,
        "PROMO_NAME": "하이앤드관 트렌딩 나우",
        "START_DATE": "2025-12-29",
        "END_DATE": "2026-01-04",
        "STATUS": "closed",
        "SLOT": "하이앤드 홈배너",
        "IMAGE_URL": "",
        "BENEFIT_TYPE": "",
        "BENEFIT_DETAIL": "한파대비 윈터 다운",
        "GOAL_SALES": 0,
        "MD_COMMENT": "쿠폰 미운영",
        "ACTUAL_SALES": -103884800,
        "DAILY_TREND": [
            13330000,
            465000,
            -101768500,
            -17114100,
            -2281600,
            0,
            3484400
        ]
    },
    {
        "BRAND": "V",
        "CHANNEL": "네이버스토어",
        "DIVISION": "프로모션",
        "PROMO_TYPE": "전사",
        "IS_EXCLUSIVE": false,
        "PROMO_NAME": "선물샵",
        "START_DATE": "2026-01-12",
        "END_DATE": "2026-01-15",
        "STATUS": "closed",
        "SLOT": "선물샵",
        "IMAGE_URL": "",
        "BENEFIT_TYPE": "쿠폰",
        "BENEFIT_DETAIL": "윈터 악세 10% 쿠폰",
        "GOAL_SALES": 0,
        "MD_COMMENT": "",
        "ACTUAL_SALES": 9942000,
        "DAILY_TREND": [
            4122400,
            -1267000,
            4627400,
            2459200
        ]
    },
    {
        "BRAND": "V",
        "CHANNEL": "네이버스토어",
        "DIVISION": "프로모션",
        "PROMO_TYPE": "전사",
        "IS_EXCLUSIVE": false,
        "PROMO_NAME": "온보딩(브랜드위크)",
        "START_DATE": "2026-01-19",
        "END_DATE": "2026-01-24",
        "STATUS": "closed",
        "SLOT": "네플스 홈배너/쇼핑투데이",
        "IMAGE_URL": "",
        "BENEFIT_TYPE": "쿠폰, 사은품, 리워드",
        "BENEFIT_DETAIL": "이월 10%+윈터악세 10% 단독최저가",
        "GOAL_SALES": 0,
        "MD_COMMENT": "금액사은품 크로스백OR스크런치, 구매적립 리워드",
        "ACTUAL_SALES": 116866400,
        "DAILY_TREND": [
            5087400,
            24755000,
            19829400,
            31537800,
            35656800,
            0
        ]
    },
    {
        "BRAND": "V",
        "CHANNEL": "네이버스토어",
        "DIVISION": "프로모션",
        "PROMO_TYPE": "전사",
        "IS_EXCLUSIVE": false,
        "PROMO_NAME": "오늘의 팝업",
        "START_DATE": "2026-01-24",
        "END_DATE": "2026-01-24",
        "STATUS": "closed",
        "SLOT": "오늘의 팝업",
        "IMAGE_URL": "",
        "BENEFIT_TYPE": "쿠폰, 사은품, 리워드",
        "BENEFIT_DETAIL": "이월 10%+윈터악세 10% 단독최저가",
        "GOAL_SALES": 0,
        "MD_COMMENT": "금액사은품 크로스백OR스크런치, 구매적립 리워드",
        "ACTUAL_SALES": 0,
        "DAILY_TREND": [
            0
        ]
    },
    {
        "BRAND": "V",
        "CHANNEL": "네이버스토어",
        "DIVISION": "프로모션",
        "PROMO_TYPE": "전사",
        "IS_EXCLUSIVE": false,
        "PROMO_NAME": "하이앤드 홈배너/왓츠뉴/브랜드하이라이트/패뷰판수동컨텐츠",
        "START_DATE": "2026-01-19",
        "END_DATE": "2026-01-24",
        "STATUS": "closed",
        "SLOT": "하이앤드 홈배너/왓츠뉴/브랜드하이라이트/패뷰판수동컨텐츠",
        "IMAGE_URL": "",
        "BENEFIT_TYPE": "쿠폰, 사은품, 리워드",
        "BENEFIT_DETAIL": "이월 10%+윈터악세 10% 단독최저가",
        "GOAL_SALES": 0,
        "MD_COMMENT": "금액사은품 크로스백OR스크런치, 구매적립 리워드",
        "ACTUAL_SALES": 116866400,
        "DAILY_TREND": [
            5087400,
            24755000,
            19829400,
            31537800,
            35656800,
            0
        ]
    },
    {
        "BRAND": "V",
        "CHANNEL": "신세계V",
        "DIVISION": "프로모션",
        "PROMO_TYPE": "자체",
        "IS_EXCLUSIVE": false,
        "PROMO_NAME": "한파 아이템 기획전",
        "START_DATE": "2026-01-05",
        "END_DATE": "2026-01-08",
        "STATUS": "closed",
        "SLOT": "메인배너",
        "IMAGE_URL": "",
        "BENEFIT_TYPE": "쿠폰",
        "BENEFIT_DETAIL": "이월 10%+윈터악세 10%",
        "GOAL_SALES": 0,
        "MD_COMMENT": "",
        "ACTUAL_SALES": -2002000,
        "DAILY_TREND": [
            3397000,
            1285000,
            -3330000,
            -3354000
        ]
    },
    {
        "BRAND": "V",
        "CHANNEL": "신세계V",
        "DIVISION": "프로모션",
        "PROMO_TYPE": "전사",
        "IS_EXCLUSIVE": false,
        "PROMO_NAME": "해피 뉴이어 리셋 세일",
        "START_DATE": "2026-01-09",
        "END_DATE": "2026-01-15",
        "STATUS": "closed",
        "SLOT": "메인배너",
        "IMAGE_URL": "",
        "BENEFIT_TYPE": "쿠폰",
        "BENEFIT_DETAIL": "이월 10%+윈터악세 10%",
        "GOAL_SALES": 0,
        "MD_COMMENT": "",
        "ACTUAL_SALES": 24160700,
        "DAILY_TREND": [
            -2316000,
            0,
            5458000,
            4640000,
            -520600,
            -2616000,
            19515300
        ]
    },
    {
        "BRAND": "V",
        "CHANNEL": "신세계V",
        "DIVISION": "프로모션",
        "PROMO_TYPE": "자체",
        "IS_EXCLUSIVE": false,
        "PROMO_NAME": "브랜드데이",
        "START_DATE": "2026-01-15",
        "END_DATE": "2026-01-15",
        "STATUS": "closed",
        "SLOT": "홈 메인, 패션 메인, 스포츠 카테 메인배너",
        "IMAGE_URL": "",
        "BENEFIT_TYPE": "쿠폰, 리워드, 사은품",
        "BENEFIT_DETAIL": "이월 10%+윈터악세 10%",
        "GOAL_SALES": 0,
        "MD_COMMENT": "방한슈즈 구매 시 스크런치 사은품(선착 20명) / 신세계 부담 인스타, 카카오톡 등 외부광고 진행 / 신세계 부담 5% 페이백/ 이태리 품번 오픈",
        "ACTUAL_SALES": 19515300,
        "DAILY_TREND": [
            19515300
        ]
    },
    {
        "BRAND": "V",
        "CHANNEL": "SSG닷컴",
        "DIVISION": "프로모션",
        "PROMO_TYPE": "전사",
        "IS_EXCLUSIVE": false,
        "PROMO_NAME": "명품수퍼세일",
        "START_DATE": "2026-01-07",
        "END_DATE": "2026-01-07",
        "STATUS": "closed",
        "SLOT": "명품관, 메인 롤링배너",
        "IMAGE_URL": "",
        "BENEFIT_TYPE": "쿠폰, 카드할인",
        "BENEFIT_DETAIL": "이월 10%+윈터악세 10%",
        "GOAL_SALES": 0,
        "MD_COMMENT": "",
        "ACTUAL_SALES": 298000,
        "DAILY_TREND": [
            298000
        ]
    },
    {
        "BRAND": "V",
        "CHANNEL": "SSG닷컴",
        "DIVISION": "프로모션",
        "PROMO_TYPE": "자체",
        "IS_EXCLUSIVE": false,
        "PROMO_NAME": "한파 대비 다운 기획전",
        "START_DATE": "2026-01-12",
        "END_DATE": "2026-01-18",
        "STATUS": "closed",
        "SLOT": "명품관, 메인 롤링배너",
        "IMAGE_URL": "",
        "BENEFIT_TYPE": "쿠폰, 카드할인",
        "BENEFIT_DETAIL": "이월 10%+윈터악세 10%",
        "GOAL_SALES": 0,
        "MD_COMMENT": "",
        "ACTUAL_SALES": 14711200,
        "DAILY_TREND": [
            1309000,
            1059000,
            5218300,
            1532600,
            -2275700,
            0,
            7868000
        ]
    },
    {
        "BRAND": "ST",
        "CHANNEL": "29CM",
        "DIVISION": "프로모션",
        "PROMO_TYPE": "자체",
        "IS_EXCLUSIVE": false,
        "PROMO_NAME": "플리스 & 맨투맨 기획전",
        "START_DATE": "2025-12-29",
        "END_DATE": "2026-01-04",
        "STATUS": "closed",
        "SLOT": "플레이어관 메인배너",
        "IMAGE_URL": "",
        "BENEFIT_TYPE": "쿠폰",
        "BENEFIT_DETAIL": "이월 10% 쿠폰",
        "GOAL_SALES": 0,
        "MD_COMMENT": "",
        "ACTUAL_SALES": 6268200,
        "DAILY_TREND": [
            2020300,
            2472800,
            166300,
            0,
            240200,
            0,
            1368600
        ]
    },
    {
        "BRAND": "ST",
        "CHANNEL": "29CM",
        "DIVISION": "프로모션",
        "PROMO_TYPE": "자체",
        "IS_EXCLUSIVE": false,
        "PROMO_NAME": "아우터 & 니트 기획전",
        "START_DATE": "2026-01-05",
        "END_DATE": "2026-01-11",
        "STATUS": "closed",
        "SLOT": "플레이어관 메인배너",
        "IMAGE_URL": "",
        "BENEFIT_TYPE": "쿠폰",
        "BENEFIT_DETAIL": "이월 10% 쿠폰",
        "GOAL_SALES": 0,
        "MD_COMMENT": "",
        "ACTUAL_SALES": 6171300,
        "DAILY_TREND": [
            1392100,
            1253900,
            705700,
            1028700,
            951300,
            0,
            839600
        ]
    },
    {
        "BRAND": "ST",
        "CHANNEL": "29CM",
        "DIVISION": "프로모션",
        "PROMO_TYPE": "전사",
        "IS_EXCLUSIVE": false,
        "PROMO_NAME": "FW 시즌오프",
        "START_DATE": "2026-01-05",
        "END_DATE": "2026-01-14",
        "STATUS": "closed",
        "SLOT": "메인배너",
        "IMAGE_URL": "",
        "BENEFIT_TYPE": "쿠폰",
        "BENEFIT_DETAIL": "이월 10% 쿠폰",
        "GOAL_SALES": 0,
        "MD_COMMENT": "",
        "ACTUAL_SALES": 8192800,
        "DAILY_TREND": [
            1392100,
            1253900,
            705700,
            1028700,
            951300,
            0,
            839600,
            1086500,
            688200,
            246800
        ]
    },
    {
        "BRAND": "ST",
        "CHANNEL": "29CM",
        "DIVISION": "프로모션",
        "PROMO_TYPE": "자체",
        "IS_EXCLUSIVE": false,
        "PROMO_NAME": "시즌 에센셜 셀렉션",
        "START_DATE": "2026-01-12",
        "END_DATE": "2026-01-25",
        "STATUS": "ongoing",
        "SLOT": "플레이어관 메인배너",
        "IMAGE_URL": "",
        "BENEFIT_TYPE": "쿠폰",
        "BENEFIT_DETAIL": "이월 10% 쿠폰",
        "GOAL_SALES": 0,
        "MD_COMMENT": "",
        "ACTUAL_SALES": 12111900,
        "DAILY_TREND": [
            1086500,
            688200,
            246800,
            1692400,
            530300,
            0,
            1134900,
            1571000,
            1696100,
            393100,
            648600,
            1101700,
            0,
            1322300
        ]
    },
    {
        "BRAND": "ST",
        "CHANNEL": "29CM",
        "DIVISION": "프로모션",
        "PROMO_TYPE": "전사",
        "IS_EXCLUSIVE": false,
        "PROMO_NAME": "설연휴 기획전(FW시즌 라스트클리어런스)",
        "START_DATE": "2026-02-12",
        "END_DATE": "2026-02-18",
        "STATUS": "planning",
        "SLOT": "메인배너",
        "IMAGE_URL": "",
        "BENEFIT_TYPE": "",
        "BENEFIT_DETAIL": "프론트 기준 30% 이상 할인 FW 상품",
        "GOAL_SALES": 0,
        "MD_COMMENT": "",
        "ACTUAL_SALES": 0,
        "DAILY_TREND": [
            0,
            0,
            0,
            0,
            0,
            0,
            0
        ]
    },
    {
        "BRAND": "ST",
        "CHANNEL": "무신사",
        "DIVISION": "프로모션",
        "PROMO_TYPE": "전사",
        "IS_EXCLUSIVE": false,
        "PROMO_NAME": "스포츠위크",
        "START_DATE": "2025-12-29",
        "END_DATE": "2026-01-04",
        "STATUS": "closed",
        "SLOT": "메인배너",
        "IMAGE_URL": "",
        "BENEFIT_TYPE": "쿠폰",
        "BENEFIT_DETAIL": "이월 10% 쿠폰",
        "GOAL_SALES": 0,
        "MD_COMMENT": "",
        "ACTUAL_SALES": 9942800,
        "DAILY_TREND": [
            2040500,
            1565500,
            791500,
            0,
            2879500,
            0,
            2665800
        ]
    },
    {
        "BRAND": "ST",
        "CHANNEL": "무신사",
        "DIVISION": "프로모션",
        "PROMO_TYPE": "자체",
        "IS_EXCLUSIVE": false,
        "PROMO_NAME": "아우터 & 니트 기획전",
        "START_DATE": "2026-01-05",
        "END_DATE": "2026-01-11",
        "STATUS": "closed",
        "SLOT": "플레이어관 메인배너",
        "IMAGE_URL": "",
        "BENEFIT_TYPE": "쿠폰",
        "BENEFIT_DETAIL": "이월 10% 쿠폰",
        "GOAL_SALES": 0,
        "MD_COMMENT": "",
        "ACTUAL_SALES": 6105000,
        "DAILY_TREND": [
            2278000,
            340500,
            361800,
            1405100,
            256200,
            0,
            1463400
        ]
    },
    {
        "BRAND": "ST",
        "CHANNEL": "무신사",
        "DIVISION": "프로모션",
        "PROMO_TYPE": "자체",
        "IS_EXCLUSIVE": false,
        "PROMO_NAME": "신년 기획전",
        "START_DATE": "2026-01-12",
        "END_DATE": "2026-01-25",
        "STATUS": "ongoing",
        "SLOT": "플레이어관 메인배너",
        "IMAGE_URL": "",
        "BENEFIT_TYPE": "쿠폰",
        "BENEFIT_DETAIL": "이월 10% 쿠폰",
        "GOAL_SALES": 0,
        "MD_COMMENT": "",
        "ACTUAL_SALES": 24252200,
        "DAILY_TREND": [
            2385700,
            1370000,
            756600,
            1203400,
            2795900,
            0,
            2997500,
            4181800,
            1851000,
            2005900,
            1489300,
            1484200,
            0,
            1730900
        ]
    },
    {
        "BRAND": "ST",
        "CHANNEL": "무신사",
        "DIVISION": "기획전",
        "PROMO_TYPE": "자체",
        "IS_EXCLUSIVE": false,
        "PROMO_NAME": "SPRING 1차",
        "START_DATE": "2026-02-03",
        "END_DATE": "2026-02-09",
        "STATUS": "planning",
        "SLOT": "플레이어관 메인배너",
        "IMAGE_URL": "",
        "BENEFIT_TYPE": "",
        "BENEFIT_DETAIL": "",
        "GOAL_SALES": 0,
        "MD_COMMENT": "",
        "ACTUAL_SALES": 0,
        "DAILY_TREND": [
            0,
            0,
            0,
            0,
            0,
            0,
            0
        ]
    },
    {
        "BRAND": "ST",
        "CHANNEL": "무신사",
        "DIVISION": "기획전",
        "PROMO_TYPE": "자체",
        "IS_EXCLUSIVE": false,
        "PROMO_NAME": "셀럽 1차",
        "START_DATE": "2026-02-24",
        "END_DATE": "2026-03-02",
        "STATUS": "planning",
        "SLOT": "플레이어관 메인배너",
        "IMAGE_URL": "",
        "BENEFIT_TYPE": "",
        "BENEFIT_DETAIL": "",
        "GOAL_SALES": 0,
        "MD_COMMENT": "",
        "ACTUAL_SALES": 0,
        "DAILY_TREND": [
            0,
            0,
            0,
            0,
            0,
            0,
            0
        ]
    },
    {
        "BRAND": "ST",
        "CHANNEL": "무신사",
        "DIVISION": "프로모션",
        "PROMO_TYPE": "전사",
        "IS_EXCLUSIVE": false,
        "PROMO_NAME": "1월 여행 잡화위크",
        "START_DATE": "2026-01-26",
        "END_DATE": "2026-02-08",
        "STATUS": "planning",
        "SLOT": "메인배너",
        "IMAGE_URL": "",
        "BENEFIT_TYPE": "쿠폰",
        "BENEFIT_DETAIL": "이월 10% 쿠폰",
        "GOAL_SALES": 0,
        "MD_COMMENT": "",
        "ACTUAL_SALES": 0,
        "DAILY_TREND": [
            0,
            0,
            0,
            0,
            0,
            0,
            0,
            0,
            0,
            0,
            0,
            0,
            0,
            0
        ]
    },
    {
        "BRAND": "ST",
        "CHANNEL": "무신사",
        "DIVISION": "프로모션",
        "PROMO_TYPE": "전사",
        "IS_EXCLUSIVE": false,
        "PROMO_NAME": "2월 멤버스 데이",
        "START_DATE": "2026-02-01",
        "END_DATE": "2026-02-04",
        "STATUS": "planning",
        "SLOT": "메인배너",
        "IMAGE_URL": "",
        "BENEFIT_TYPE": "쿠폰",
        "BENEFIT_DETAIL": "이월 10% 쿠폰",
        "GOAL_SALES": 0,
        "MD_COMMENT": "",
        "ACTUAL_SALES": 0,
        "DAILY_TREND": [
            0,
            0,
            0,
            0
        ]
    },
    {
        "BRAND": "ST",
        "CHANNEL": "더카트골프",
        "DIVISION": "프로모션",
        "PROMO_TYPE": "자체",
        "IS_EXCLUSIVE": false,
        "PROMO_NAME": "플리스/맨투맨 기획전",
        "START_DATE": "2026-01-06",
        "END_DATE": "2026-01-11",
        "STATUS": "closed",
        "SLOT": "스페셜탭/메인배너",
        "IMAGE_URL": "",
        "BENEFIT_TYPE": "쿠폰",
        "BENEFIT_DETAIL": "이월 10% 쿠폰",
        "GOAL_SALES": 0,
        "MD_COMMENT": "",
        "ACTUAL_SALES": -504200,
        "DAILY_TREND": [
            219100,
            -95600,
            -663400,
            0,
            0,
            35700
        ]
    },
    {
        "BRAND": "ST",
        "CHANNEL": "더카트골프",
        "DIVISION": "프로모션",
        "PROMO_TYPE": "자체",
        "IS_EXCLUSIVE": false,
        "PROMO_NAME": "아울렛 기획전",
        "START_DATE": "2026-01-12",
        "END_DATE": "2026-01-25",
        "STATUS": "ongoing",
        "SLOT": "스페셜탭/메인배너",
        "IMAGE_URL": "",
        "BENEFIT_TYPE": "쿠폰",
        "BENEFIT_DETAIL": "이월 10% 쿠폰",
        "GOAL_SALES": 0,
        "MD_COMMENT": "",
        "ACTUAL_SALES": 4454200,
        "DAILY_TREND": [
            74300,
            595000,
            268600,
            717400,
            154600,
            0,
            843700,
            341100,
            605500,
            274600,
            136500,
            156000,
            0,
            286900
        ]
    },
    {
        "BRAND": "ST",
        "CHANNEL": "더카트골프",
        "DIVISION": "프로모션",
        "PROMO_TYPE": "전사",
        "IS_EXCLUSIVE": false,
        "PROMO_NAME": "더카트 플렉스",
        "START_DATE": "2026-01-14",
        "END_DATE": "2026-02-08",
        "STATUS": "ongoing",
        "SLOT": "메인배너",
        "IMAGE_URL": "",
        "BENEFIT_TYPE": "쿠폰",
        "BENEFIT_DETAIL": "이월 5 / 10% 쿠폰",
        "GOAL_SALES": 0,
        "MD_COMMENT": "",
        "ACTUAL_SALES": 3784900,
        "DAILY_TREND": [
            268600,
            717400,
            154600,
            0,
            843700,
            341100,
            605500,
            274600,
            136500,
            156000,
            0,
            286900,
            0,
            0,
            0,
            0,
            0,
            0,
            0,
            0,
            0,
            0,
            0,
            0,
            0,
            0
        ]
    },
    {
        "BRAND": "ST",
        "CHANNEL": "더카트골프",
        "DIVISION": "기획전",
        "PROMO_TYPE": "자체",
        "IS_EXCLUSIVE": false,
        "PROMO_NAME": "SPRING 1차",
        "START_DATE": "2026-02-03",
        "END_DATE": "2026-02-15",
        "STATUS": "planning",
        "SLOT": "스페셜탭/메인배너",
        "IMAGE_URL": "",
        "BENEFIT_TYPE": "",
        "BENEFIT_DETAIL": "",
        "GOAL_SALES": 0,
        "MD_COMMENT": "",
        "ACTUAL_SALES": 0,
        "DAILY_TREND": [
            0,
            0,
            0,
            0,
            0,
            0,
            0,
            0,
            0,
            0,
            0,
            0,
            0
        ]
    },
    {
        "BRAND": "ST",
        "CHANNEL": "더카트골프",
        "DIVISION": "기획전",
        "PROMO_TYPE": "자체",
        "IS_EXCLUSIVE": false,
        "PROMO_NAME": "플라잉 스커트 뉴컬러 런칭",
        "START_DATE": "2026-02-16",
        "END_DATE": "2026-02-22",
        "STATUS": "planning",
        "SLOT": "스페셜탭/메인배너",
        "IMAGE_URL": "",
        "BENEFIT_TYPE": "",
        "BENEFIT_DETAIL": "",
        "GOAL_SALES": 0,
        "MD_COMMENT": "",
        "ACTUAL_SALES": 0,
        "DAILY_TREND": [
            0,
            0,
            0,
            0,
            0,
            0,
            0
        ]
    },
    {
        "BRAND": "ST",
        "CHANNEL": "더카트골프",
        "DIVISION": "기획전",
        "PROMO_TYPE": "자체",
        "IS_EXCLUSIVE": false,
        "PROMO_NAME": "셀럽 1차",
        "START_DATE": "2026-02-24",
        "END_DATE": "2026-03-02",
        "STATUS": "planning",
        "SLOT": "스페셜탭/메인배너",
        "IMAGE_URL": "",
        "BENEFIT_TYPE": "",
        "BENEFIT_DETAIL": "",
        "GOAL_SALES": 0,
        "MD_COMMENT": "",
        "ACTUAL_SALES": 0,
        "DAILY_TREND": [
            0,
            0,
            0,
            0,
            0,
            0,
            0
        ]
    },
    {
        "BRAND": "ST",
        "CHANNEL": "SSF샵",
        "DIVISION": "프로모션",
        "PROMO_TYPE": "자체",
        "IS_EXCLUSIVE": false,
        "PROMO_NAME": "플리스/맨투맨 기획전",
        "START_DATE": "2025-12-29",
        "END_DATE": "2026-01-04",
        "STATUS": "closed",
        "SLOT": "스포츠관 배너",
        "IMAGE_URL": "",
        "BENEFIT_TYPE": "쿠폰",
        "BENEFIT_DETAIL": "이월 10% 쿠폰",
        "GOAL_SALES": 0,
        "MD_COMMENT": "",
        "ACTUAL_SALES": 1909500,
        "DAILY_TREND": [
            86100,
            69500,
            541700,
            0,
            817900,
            0,
            394300
        ]
    },
    {
        "BRAND": "ST",
        "CHANNEL": "SSF샵",
        "DIVISION": "프로모션",
        "PROMO_TYPE": "자체",
        "IS_EXCLUSIVE": false,
        "PROMO_NAME": "아우터/니트 기획전",
        "START_DATE": "2026-01-05",
        "END_DATE": "2026-01-11",
        "STATUS": "closed",
        "SLOT": "스포츠관 배너",
        "IMAGE_URL": "",
        "BENEFIT_TYPE": "쿠폰",
        "BENEFIT_DETAIL": "이월 10% 쿠폰",
        "GOAL_SALES": 0,
        "MD_COMMENT": "",
        "ACTUAL_SALES": 4155600,
        "DAILY_TREND": [
            1101400,
            791500,
            226800,
            1216400,
            287500,
            0,
            532000
        ]
    },
    {
        "BRAND": "ST",
        "CHANNEL": "SSF샵",
        "DIVISION": "프로모션",
        "PROMO_TYPE": "자체",
        "IS_EXCLUSIVE": false,
        "PROMO_NAME": "임직원 행사",
        "START_DATE": "2026-01-12",
        "END_DATE": "2026-01-18",
        "STATUS": "closed",
        "SLOT": "",
        "IMAGE_URL": "",
        "BENEFIT_TYPE": "쿠폰",
        "BENEFIT_DETAIL": "신상/이월 20% 쿠폰",
        "GOAL_SALES": 0,
        "MD_COMMENT": "",
        "ACTUAL_SALES": 2944900,
        "DAILY_TREND": [
            326900,
            109100,
            83400,
            1017700,
            756400,
            0,
            651400
        ]
    },
    {
        "BRAND": "ST",
        "CHANNEL": "SSF샵",
        "DIVISION": "프로모션",
        "PROMO_TYPE": "자체",
        "IS_EXCLUSIVE": false,
        "PROMO_NAME": "아울렛 기획전",
        "START_DATE": "2026-01-14",
        "END_DATE": "2026-01-31",
        "STATUS": "ongoing",
        "SLOT": "스포츠관 배너",
        "IMAGE_URL": "",
        "BENEFIT_TYPE": "쿠폰",
        "BENEFIT_DETAIL": "이월 10% 쿠폰",
        "GOAL_SALES": 0,
        "MD_COMMENT": "",
        "ACTUAL_SALES": 6194100,
        "DAILY_TREND": [
            83400,
            1017700,
            756400,
            0,
            651400,
            829600,
            1514800,
            250200,
            242500,
            344700,
            0,
            503400,
            0,
            0,
            0,
            0,
            0,
            0
        ]
    },
    {
        "BRAND": "ST",
        "CHANNEL": "SSF샵",
        "DIVISION": "프로모션",
        "PROMO_TYPE": "전사",
        "IS_EXCLUSIVE": false,
        "PROMO_NAME": "48H",
        "START_DATE": "2026-01-19",
        "END_DATE": "2026-01-20",
        "STATUS": "closed",
        "SLOT": "홈 메인 팝업, 스포츠관 팝업",
        "IMAGE_URL": "",
        "BENEFIT_TYPE": "쿠폰",
        "BENEFIT_DETAIL": "이월 10% 쿠폰",
        "GOAL_SALES": 0,
        "MD_COMMENT": "",
        "ACTUAL_SALES": 2344400,
        "DAILY_TREND": [
            829600,
            1514800
        ]
    },
    {
        "BRAND": "ST",
        "CHANNEL": "SSF샵",
        "DIVISION": "프로모션",
        "PROMO_TYPE": "전사",
        "IS_EXCLUSIVE": false,
        "PROMO_NAME": "스포츠 주말특가",
        "START_DATE": "2026-01-02",
        "END_DATE": "2026-01-04",
        "STATUS": "closed",
        "SLOT": "스포츠관 팝업",
        "IMAGE_URL": "",
        "BENEFIT_TYPE": "쿠폰",
        "BENEFIT_DETAIL": "10% / 15% 장바구니 쿠폰 (반반부담)",
        "GOAL_SALES": 0,
        "MD_COMMENT": "",
        "ACTUAL_SALES": 1212200,
        "DAILY_TREND": [
            817900,
            0,
            394300
        ]
    },
    {
        "BRAND": "ST",
        "CHANNEL": "SSF샵",
        "DIVISION": "프로모션",
        "PROMO_TYPE": "전사",
        "IS_EXCLUSIVE": false,
        "PROMO_NAME": "핫딜",
        "START_DATE": "2026-01-05",
        "END_DATE": "2026-01-11",
        "STATUS": "closed",
        "SLOT": "스포츠관",
        "IMAGE_URL": "",
        "BENEFIT_TYPE": "쿠폰",
        "BENEFIT_DETAIL": "이월 10% 쿠폰",
        "GOAL_SALES": 0,
        "MD_COMMENT": "",
        "ACTUAL_SALES": 4155600,
        "DAILY_TREND": [
            1101400,
            791500,
            226800,
            1216400,
            287500,
            0,
            532000
        ]
    },
    {
        "BRAND": "ST",
        "CHANNEL": "SSF샵",
        "DIVISION": "프로모션",
        "PROMO_TYPE": "전사",
        "IS_EXCLUSIVE": false,
        "PROMO_NAME": "아울렛 슈퍼위크",
        "START_DATE": "2026-01-13",
        "END_DATE": "2026-01-22",
        "STATUS": "closed",
        "SLOT": "메인배너",
        "IMAGE_URL": "",
        "BENEFIT_TYPE": "쿠폰",
        "BENEFIT_DETAIL": "이월 5% / 10%",
        "GOAL_SALES": 0,
        "MD_COMMENT": "",
        "ACTUAL_SALES": 5455100,
        "DAILY_TREND": [
            109100,
            83400,
            1017700,
            756400,
            0,
            651400,
            829600,
            1514800,
            250200,
            242500
        ]
    },
    {
        "BRAND": "ST",
        "CHANNEL": "SSF샵",
        "DIVISION": "프로모션",
        "PROMO_TYPE": "전사",
        "IS_EXCLUSIVE": false,
        "PROMO_NAME": "포커스온 : 아우터+팬츠",
        "START_DATE": "2026-01-13",
        "END_DATE": "2026-01-22",
        "STATUS": "closed",
        "SLOT": "메인배너",
        "IMAGE_URL": "",
        "BENEFIT_TYPE": "쿠폰",
        "BENEFIT_DETAIL": "이월 10%",
        "GOAL_SALES": 0,
        "MD_COMMENT": "",
        "ACTUAL_SALES": 5455100,
        "DAILY_TREND": [
            109100,
            83400,
            1017700,
            756400,
            0,
            651400,
            829600,
            1514800,
            250200,
            242500
        ]
    },
    {
        "BRAND": "ST",
        "CHANNEL": "SSF샵",
        "DIVISION": "프로모션",
        "PROMO_TYPE": "전사",
        "IS_EXCLUSIVE": false,
        "PROMO_NAME": "On the Move",
        "START_DATE": "2026-01-26",
        "END_DATE": "2026-02-01",
        "STATUS": "planning",
        "SLOT": "스포츠관 배너",
        "IMAGE_URL": "",
        "BENEFIT_TYPE": "쿠폰",
        "BENEFIT_DETAIL": "20/30/50만원 이상 구매 시 사용 가능한 2/3/7만원 장바구니 쿠폰 증정 (SSF 부담)",
        "GOAL_SALES": 0,
        "MD_COMMENT": "",
        "ACTUAL_SALES": 0,
        "DAILY_TREND": [
            0,
            0,
            0,
            0,
            0,
            0,
            0
        ]
    },
    {
        "BRAND": "ST",
        "CHANNEL": "SSF샵",
        "DIVISION": "기획전",
        "PROMO_TYPE": "자체",
        "IS_EXCLUSIVE": false,
        "PROMO_NAME": "SPRING 1차",
        "START_DATE": "2026-02-03",
        "END_DATE": "2026-02-09",
        "STATUS": "planning",
        "SLOT": "스포츠관 배너",
        "IMAGE_URL": "",
        "BENEFIT_TYPE": "",
        "BENEFIT_DETAIL": "",
        "GOAL_SALES": 0,
        "MD_COMMENT": "",
        "ACTUAL_SALES": 0,
        "DAILY_TREND": [
            0,
            0,
            0,
            0,
            0,
            0,
            0
        ]
    },
    {
        "BRAND": "ST",
        "CHANNEL": "SSF샵",
        "DIVISION": "프로모션",
        "PROMO_TYPE": "자체",
        "IS_EXCLUSIVE": false,
        "PROMO_NAME": "아울렛 기획전",
        "START_DATE": "2026-02-09",
        "END_DATE": "2026-02-22",
        "STATUS": "planning",
        "SLOT": "스포츠관 배너",
        "IMAGE_URL": "",
        "BENEFIT_TYPE": "쿠폰",
        "BENEFIT_DETAIL": "이월 10%",
        "GOAL_SALES": 0,
        "MD_COMMENT": "",
        "ACTUAL_SALES": 0,
        "DAILY_TREND": [
            0,
            0,
            0,
            0,
            0,
            0,
            0,
            0,
            0,
            0,
            0,
            0,
            0,
            0
        ]
    },
    {
        "BRAND": "ST",
        "CHANNEL": "SSF샵",
        "DIVISION": "기획전",
        "PROMO_TYPE": "자체",
        "IS_EXCLUSIVE": false,
        "PROMO_NAME": "셀럽 1차",
        "START_DATE": "2026-02-24",
        "END_DATE": "2026-03-02",
        "STATUS": "planning",
        "SLOT": "스포츠관 배너",
        "IMAGE_URL": "",
        "BENEFIT_TYPE": "",
        "BENEFIT_DETAIL": "",
        "GOAL_SALES": 0,
        "MD_COMMENT": "",
        "ACTUAL_SALES": 0,
        "DAILY_TREND": [
            0,
            0,
            0,
            0,
            0,
            0,
            0
        ]
    },
    {
        "BRAND": "ST",
        "CHANNEL": "SSF샵",
        "DIVISION": "프로모션",
        "PROMO_TYPE": "전사",
        "IS_EXCLUSIVE": false,
        "PROMO_NAME": "쌒핑데이",
        "START_DATE": "2026-02-02",
        "END_DATE": "2026-02-10",
        "STATUS": "planning",
        "SLOT": "메인배너",
        "IMAGE_URL": "",
        "BENEFIT_TYPE": "쿠폰, 리워드",
        "BENEFIT_DETAIL": "5, 10% 쿠폰+1만 페이백",
        "GOAL_SALES": 0,
        "MD_COMMENT": "",
        "ACTUAL_SALES": 0,
        "DAILY_TREND": [
            0,
            0,
            0,
            0,
            0,
            0,
            0,
            0,
            0
        ]
    },
    {
        "BRAND": "ST",
        "CHANNEL": "SSF샵",
        "DIVISION": "프로모션",
        "PROMO_TYPE": "전사",
        "IS_EXCLUSIVE": false,
        "PROMO_NAME": "포커스온 : 니트+간절기 아우터",
        "START_DATE": "2026-02-05",
        "END_DATE": "2026-02-15",
        "STATUS": "planning",
        "SLOT": "메인배너",
        "IMAGE_URL": "",
        "BENEFIT_TYPE": "쿠폰",
        "BENEFIT_DETAIL": "이월 5% / 10%",
        "GOAL_SALES": 0,
        "MD_COMMENT": "",
        "ACTUAL_SALES": 0,
        "DAILY_TREND": [
            0,
            0,
            0,
            0,
            0,
            0,
            0,
            0,
            0,
            0,
            0
        ]
    },
    {
        "BRAND": "ST",
        "CHANNEL": "SSF샵",
        "DIVISION": "프로모션",
        "PROMO_TYPE": "전사",
        "IS_EXCLUSIVE": false,
        "PROMO_NAME": "설 연휴 프로모션 & 시즌오프 라스트피스",
        "START_DATE": "2026-02-11",
        "END_DATE": "2026-02-18",
        "STATUS": "planning",
        "SLOT": "메인배너",
        "IMAGE_URL": "",
        "BENEFIT_TYPE": "쿠폰, 리워드",
        "BENEFIT_DETAIL": "5, 10% 쿠폰+APP 출석체크+함께할인 7%",
        "GOAL_SALES": 0,
        "MD_COMMENT": "",
        "ACTUAL_SALES": 0,
        "DAILY_TREND": [
            0,
            0,
            0,
            0,
            0,
            0,
            0,
            0
        ]
    },
    {
        "BRAND": "ST",
        "CHANNEL": "SSF샵",
        "DIVISION": "프로모션",
        "PROMO_TYPE": "전사",
        "IS_EXCLUSIVE": false,
        "PROMO_NAME": "아울렛 슈퍼위크",
        "START_DATE": "2026-02-19",
        "END_DATE": "2026-03-01",
        "STATUS": "planning",
        "SLOT": "메인배너",
        "IMAGE_URL": "",
        "BENEFIT_TYPE": "쿠폰",
        "BENEFIT_DETAIL": "5, 10% 쿠폰+10% 함께할인",
        "GOAL_SALES": 0,
        "MD_COMMENT": "",
        "ACTUAL_SALES": 0,
        "DAILY_TREND": [
            0,
            0,
            0,
            0,
            0,
            0,
            0,
            0,
            0,
            0,
            0
        ]
    },
    {
        "BRAND": "ST",
        "CHANNEL": "SSF샵",
        "DIVISION": "프로모션",
        "PROMO_TYPE": "전사",
        "IS_EXCLUSIVE": false,
        "PROMO_NAME": "얼리 봄 신상",
        "START_DATE": "2026-02-21",
        "END_DATE": "2026-03-02",
        "STATUS": "planning",
        "SLOT": "메인배너",
        "IMAGE_URL": "",
        "BENEFIT_TYPE": "쿠폰, 리워드",
        "BENEFIT_DETAIL": "5, 10% 쿠폰 + 금액대별 페이백",
        "GOAL_SALES": 0,
        "MD_COMMENT": "",
        "ACTUAL_SALES": 0,
        "DAILY_TREND": [
            0,
            0,
            0,
            0,
            0,
            0,
            0,
            0,
            0,
            0
        ]
    },
    {
        "BRAND": "ST",
        "CHANNEL": "SSF샵",
        "DIVISION": "프로모션",
        "PROMO_TYPE": "전사",
        "IS_EXCLUSIVE": false,
        "PROMO_NAME": "통합 임직원 행사",
        "START_DATE": "2026-02-05",
        "END_DATE": "2026-02-18",
        "STATUS": "planning",
        "SLOT": "",
        "IMAGE_URL": "",
        "BENEFIT_TYPE": "쿠폰",
        "BENEFIT_DETAIL": "20% 쿠폰 (반반 부담)",
        "GOAL_SALES": 0,
        "MD_COMMENT": "",
        "ACTUAL_SALES": 0,
        "DAILY_TREND": [
            0,
            0,
            0,
            0,
            0,
            0,
            0,
            0,
            0,
            0,
            0,
            0,
            0,
            0
        ]
    },
    {
        "BRAND": "ST",
        "CHANNEL": "SSG닷컴",
        "DIVISION": "프로모션",
        "PROMO_TYPE": "전사",
        "IS_EXCLUSIVE": false,
        "PROMO_NAME": "[연합] NEW YEAR 스포츠 액티브 페스티벌",
        "START_DATE": "2025-12-29",
        "END_DATE": "2026-01-04",
        "STATUS": "closed",
        "SLOT": "신세계몰 메인배너",
        "IMAGE_URL": "",
        "BENEFIT_TYPE": "",
        "BENEFIT_DETAIL": "",
        "GOAL_SALES": 0,
        "MD_COMMENT": "",
        "ACTUAL_SALES": 331700,
        "DAILY_TREND": [
            6500,
            268300,
            0,
            0,
            -83200,
            0,
            140100
        ]
    },
    {
        "BRAND": "ST",
        "CHANNEL": "SSG닷컴",
        "DIVISION": "프로모션",
        "PROMO_TYPE": "전사",
        "IS_EXCLUSIVE": false,
        "PROMO_NAME": "[마케팅] 쇼핑익스프레스",
        "START_DATE": "2026-01-01",
        "END_DATE": "2026-01-04",
        "STATUS": "closed",
        "SLOT": "신세계몰 메인배너",
        "IMAGE_URL": "",
        "BENEFIT_TYPE": "쿠폰",
        "BENEFIT_DETAIL": "쇼익 10% 분담 쿠폰",
        "GOAL_SALES": 0,
        "MD_COMMENT": "",
        "ACTUAL_SALES": 56900,
        "DAILY_TREND": [
            0,
            -83200,
            0,
            140100
        ]
    },
    {
        "BRAND": "ST",
        "CHANNEL": "SSG닷컴",
        "DIVISION": "프로모션",
        "PROMO_TYPE": "전사",
        "IS_EXCLUSIVE": false,
        "PROMO_NAME": "[연합] 윈터 아웃도어 & 레포츠 위크",
        "START_DATE": "2026-01-05",
        "END_DATE": "2026-01-11",
        "STATUS": "closed",
        "SLOT": "신세계몰 메인배너",
        "IMAGE_URL": "",
        "BENEFIT_TYPE": "카드할인",
        "BENEFIT_DETAIL": "카드 분담 5만원 이상 8%",
        "GOAL_SALES": 0,
        "MD_COMMENT": "",
        "ACTUAL_SALES": 753500,
        "DAILY_TREND": [
            -839100,
            646300,
            55600,
            172900,
            312400,
            0,
            405400
        ]
    },
    {
        "BRAND": "ST",
        "CHANNEL": "SSG닷컴",
        "DIVISION": "프로모션",
        "PROMO_TYPE": "전사",
        "IS_EXCLUSIVE": false,
        "PROMO_NAME": "쓱특가",
        "START_DATE": "2026-01-08",
        "END_DATE": "2026-01-11",
        "STATUS": "closed",
        "SLOT": "쓱특가 구좌 내 하단 딜",
        "IMAGE_URL": "",
        "BENEFIT_TYPE": "쿠폰",
        "BENEFIT_DETAIL": "이월 딜 10% (반반부담)",
        "GOAL_SALES": 0,
        "MD_COMMENT": "",
        "ACTUAL_SALES": 890700,
        "DAILY_TREND": [
            172900,
            312400,
            0,
            405400
        ]
    },
    {
        "BRAND": "ST",
        "CHANNEL": "SSG닷컴",
        "DIVISION": "프로모션",
        "PROMO_TYPE": "전사",
        "IS_EXCLUSIVE": false,
        "PROMO_NAME": "[연합] 2026 S/S 스포츠 트렌드 제안",
        "START_DATE": "2026-01-12",
        "END_DATE": "2026-01-18",
        "STATUS": "closed",
        "SLOT": "신세계몰 메인배너",
        "IMAGE_URL": "",
        "BENEFIT_TYPE": "카드할인",
        "BENEFIT_DETAIL": "카드분담 5만원이상 8%",
        "GOAL_SALES": 0,
        "MD_COMMENT": "",
        "ACTUAL_SALES": 1788300,
        "DAILY_TREND": [
            622700,
            89400,
            500500,
            -139000,
            528200,
            0,
            186500
        ]
    },
    {
        "BRAND": "ST",
        "CHANNEL": "SSG닷컴",
        "DIVISION": "프로모션",
        "PROMO_TYPE": "전사",
        "IS_EXCLUSIVE": false,
        "PROMO_NAME": "[연합] 스포츠 F/W 시즌오프 클리어런스",
        "START_DATE": "2026-01-19",
        "END_DATE": "2026-01-25",
        "STATUS": "ongoing",
        "SLOT": "신세계몰 메인배너",
        "IMAGE_URL": "",
        "BENEFIT_TYPE": "카드할인",
        "BENEFIT_DETAIL": "10% 카드 분담 행사",
        "GOAL_SALES": 0,
        "MD_COMMENT": "",
        "ACTUAL_SALES": 2393600,
        "DAILY_TREND": [
            429700,
            564500,
            505800,
            89300,
            507300,
            0,
            297000
        ]
    },
    {
        "BRAND": "ST",
        "CHANNEL": "SSG닷컴",
        "DIVISION": "프로모션",
        "PROMO_TYPE": "전사",
        "IS_EXCLUSIVE": false,
        "PROMO_NAME": "쓱특가",
        "START_DATE": "2026-01-22",
        "END_DATE": "2026-01-25",
        "STATUS": "ongoing",
        "SLOT": "쓱특가 구좌 내 하단 딜",
        "IMAGE_URL": "",
        "BENEFIT_TYPE": "쿠폰",
        "BENEFIT_DETAIL": "이월 딜 10% (반반부담)",
        "GOAL_SALES": 0,
        "MD_COMMENT": "",
        "ACTUAL_SALES": 893600,
        "DAILY_TREND": [
            89300,
            507300,
            0,
            297000
        ]
    },
    {
        "BRAND": "ST",
        "CHANNEL": "SSG닷컴",
        "DIVISION": "프로모션",
        "PROMO_TYPE": "전사",
        "IS_EXCLUSIVE": false,
        "PROMO_NAME": "[연합] 신학기 & 스프링 액티비티 스타터",
        "START_DATE": "2026-01-26",
        "END_DATE": "2026-02-01",
        "STATUS": "planning",
        "SLOT": "신세계몰 메인배너",
        "IMAGE_URL": "",
        "BENEFIT_TYPE": "",
        "BENEFIT_DETAIL": "",
        "GOAL_SALES": 0,
        "MD_COMMENT": "",
        "ACTUAL_SALES": 0,
        "DAILY_TREND": [
            0,
            0,
            0,
            0,
            0,
            0,
            0
        ]
    },
    {
        "BRAND": "ST",
        "CHANNEL": "SSG닷컴",
        "DIVISION": "기획전",
        "PROMO_TYPE": "전사",
        "IS_EXCLUSIVE": false,
        "PROMO_NAME": "[연합] TOP 브랜드 클리어런스대전",
        "START_DATE": "2026-02-02",
        "END_DATE": "2026-02-08",
        "STATUS": "planning",
        "SLOT": "신세계몰 메인배너",
        "IMAGE_URL": "",
        "BENEFIT_TYPE": "",
        "BENEFIT_DETAIL": "",
        "GOAL_SALES": 0,
        "MD_COMMENT": "",
        "ACTUAL_SALES": 0,
        "DAILY_TREND": [
            0,
            0,
            0,
            0,
            0,
            0,
            0
        ]
    },
    {
        "BRAND": "ST",
        "CHANNEL": "SSG닷컴",
        "DIVISION": "기획전",
        "PROMO_TYPE": "전사",
        "IS_EXCLUSIVE": false,
        "PROMO_NAME": "[연합] S/S이월상품 특가전",
        "START_DATE": "2026-02-09",
        "END_DATE": "2026-02-15",
        "STATUS": "planning",
        "SLOT": "신세계몰 메인배너",
        "IMAGE_URL": "",
        "BENEFIT_TYPE": "",
        "BENEFIT_DETAIL": "",
        "GOAL_SALES": 0,
        "MD_COMMENT": "",
        "ACTUAL_SALES": 0,
        "DAILY_TREND": [
            0,
            0,
            0,
            0,
            0,
            0,
            0
        ]
    },
    {
        "BRAND": "ST",
        "CHANNEL": "SSG닷컴",
        "DIVISION": "프로모션",
        "PROMO_TYPE": "전사",
        "IS_EXCLUSIVE": false,
        "PROMO_NAME": "[마케팅] 쇼핑익스프레스",
        "START_DATE": "2026-02-09",
        "END_DATE": "2026-02-12",
        "STATUS": "planning",
        "SLOT": "신세계몰 메인배너",
        "IMAGE_URL": "",
        "BENEFIT_TYPE": "쿠폰",
        "BENEFIT_DETAIL": "쇼익 10% 분담쿠폰, 7% 수준 청구할인",
        "GOAL_SALES": 0,
        "MD_COMMENT": "",
        "ACTUAL_SALES": 0,
        "DAILY_TREND": [
            0,
            0,
            0,
            0
        ]
    },
    {
        "BRAND": "ST",
        "CHANNEL": "SSG닷컴",
        "DIVISION": "프로모션",
        "PROMO_TYPE": "전사",
        "IS_EXCLUSIVE": false,
        "PROMO_NAME": "[연합] 연휴득템 시크릿 기획전 & 봄맞이 SS 오픈기획전",
        "START_DATE": "2026-02-16",
        "END_DATE": "2026-03-01",
        "STATUS": "planning",
        "SLOT": "신세계몰 메인배너",
        "IMAGE_URL": "",
        "BENEFIT_TYPE": "카드할인",
        "BENEFIT_DETAIL": "8% 카드 분담 행사",
        "GOAL_SALES": 0,
        "MD_COMMENT": "",
        "ACTUAL_SALES": 0,
        "DAILY_TREND": [
            0,
            0,
            0,
            0,
            0,
            0,
            0,
            0,
            0,
            0,
            0,
            0,
            0,
            0
        ]
    },
    {
        "BRAND": "ST",
        "CHANNEL": "EQL",
        "DIVISION": "프로모션",
        "PROMO_TYPE": "자체",
        "IS_EXCLUSIVE": false,
        "PROMO_NAME": "아울렛 기획전",
        "START_DATE": "2026-01-12",
        "END_DATE": "2026-01-25",
        "STATUS": "ongoing",
        "SLOT": "메인 하단",
        "IMAGE_URL": "",
        "BENEFIT_TYPE": "쿠폰",
        "BENEFIT_DETAIL": "10% 쿠폰",
        "GOAL_SALES": 0,
        "MD_COMMENT": "",
        "ACTUAL_SALES": 2658200,
        "DAILY_TREND": [
            0,
            204600,
            548900,
            -1300,
            0,
            0,
            0,
            287900,
            135600,
            176800,
            0,
            0,
            0,
            1305700
        ]
    },
    {
        "BRAND": "ST",
        "CHANNEL": "EQL",
        "DIVISION": "기획전",
        "PROMO_TYPE": "자체",
        "IS_EXCLUSIVE": false,
        "PROMO_NAME": "SPRING 1차",
        "START_DATE": "2026-02-03",
        "END_DATE": "2026-02-09",
        "STATUS": "planning",
        "SLOT": "메인 하단",
        "IMAGE_URL": "",
        "BENEFIT_TYPE": "",
        "BENEFIT_DETAIL": "",
        "GOAL_SALES": 0,
        "MD_COMMENT": "",
        "ACTUAL_SALES": 0,
        "DAILY_TREND": [
            0,
            0,
            0,
            0,
            0,
            0,
            0
        ]
    },
    {
        "BRAND": "ST",
        "CHANNEL": "EQL",
        "DIVISION": "기획전",
        "PROMO_TYPE": "자체",
        "IS_EXCLUSIVE": false,
        "PROMO_NAME": "셀럽 1차",
        "START_DATE": "2026-02-24",
        "END_DATE": "2026-03-02",
        "STATUS": "planning",
        "SLOT": "메인 하단",
        "IMAGE_URL": "",
        "BENEFIT_TYPE": "",
        "BENEFIT_DETAIL": "",
        "GOAL_SALES": 0,
        "MD_COMMENT": "",
        "ACTUAL_SALES": 0,
        "DAILY_TREND": [
            0,
            0,
            0,
            0,
            0,
            0,
            0
        ]
    },
    {
        "BRAND": "V",
        "CHANNEL": "더카트골프",
        "DIVISION": "프로모션",
        "PROMO_TYPE": "자체",
        "IS_EXCLUSIVE": false,
        "PROMO_NAME": "한파 대비 다운 기획전",
        "START_DATE": "2025-12-29",
        "END_DATE": "2026-01-04",
        "STATUS": "closed",
        "SLOT": "스페셜탭",
        "IMAGE_URL": "",
        "BENEFIT_TYPE": "쿠폰",
        "BENEFIT_DETAIL": "이월 10% 쿠폰",
        "GOAL_SALES": 0,
        "MD_COMMENT": "",
        "ACTUAL_SALES": 7713000,
        "DAILY_TREND": [
            963400,
            5223300,
            -140000,
            0,
            1385300,
            0,
            281000
        ]
    },
    {
        "BRAND": "V",
        "CHANNEL": "더카트골프",
        "DIVISION": "프로모션",
        "PROMO_TYPE": "전사",
        "IS_EXCLUSIVE": false,
        "PROMO_NAME": "한정 수량 라스트 피스 통합 행사",
        "START_DATE": "2026-01-07",
        "END_DATE": "2026-01-13",
        "STATUS": "closed",
        "SLOT": "메인배너",
        "IMAGE_URL": "",
        "BENEFIT_TYPE": "쿠폰",
        "BENEFIT_DETAIL": "이월 7% 쿠폰 (최대 2만/더카트 부담)",
        "GOAL_SALES": 0,
        "MD_COMMENT": "",
        "ACTUAL_SALES": 1119300,
        "DAILY_TREND": [
            -505000,
            -488000,
            494000,
            0,
            622300,
            283000,
            713000
        ]
    },
    {
        "BRAND": "V",
        "CHANNEL": "더카트골프",
        "DIVISION": "프로모션",
        "PROMO_TYPE": "자체",
        "IS_EXCLUSIVE": false,
        "PROMO_NAME": "방한용품 주력 기획전",
        "START_DATE": "2026-01-12",
        "END_DATE": "2026-01-25",
        "STATUS": "ongoing",
        "SLOT": "스페셜탭",
        "IMAGE_URL": "",
        "BENEFIT_TYPE": "쿠폰",
        "BENEFIT_DETAIL": "방한용품 10% 쿠폰",
        "GOAL_SALES": 0,
        "MD_COMMENT": "",
        "ACTUAL_SALES": -388000,
        "DAILY_TREND": [
            283000,
            713000,
            0,
            -395000,
            553000,
            0,
            0,
            -756000,
            0,
            -159000,
            -802000,
            0,
            0,
            175000
        ]
    },
    {
        "BRAND": "V",
        "CHANNEL": "더카트골프",
        "DIVISION": "프로모션",
        "PROMO_TYPE": "전사",
        "IS_EXCLUSIVE": false,
        "PROMO_NAME": "더카트 플렉스 : 윈터시즌오프&26신상품",
        "START_DATE": "2026-01-14",
        "END_DATE": "2026-01-27",
        "STATUS": "ongoing",
        "SLOT": "스페셜탭, 메인배너",
        "IMAGE_URL": "",
        "BENEFIT_TYPE": "쿠폰",
        "BENEFIT_DETAIL": "이월 5%, 10% 쿠폰(최대 5천, 2만/더카트 부담)",
        "GOAL_SALES": 0,
        "MD_COMMENT": "",
        "ACTUAL_SALES": -1384000,
        "DAILY_TREND": [
            0,
            -395000,
            553000,
            0,
            0,
            -756000,
            0,
            -159000,
            -802000,
            0,
            0,
            175000,
            0,
            0
        ]
    },
    {
        "BRAND": "V",
        "CHANNEL": "더카트골프",
        "DIVISION": "프로모션",
        "PROMO_TYPE": "자체",
        "IS_EXCLUSIVE": false,
        "PROMO_NAME": "봄 아울렛",
        "START_DATE": "2026-01-26",
        "END_DATE": "2026-02-02",
        "STATUS": "planning",
        "SLOT": "스페셜탭, 메인배너",
        "IMAGE_URL": "",
        "BENEFIT_TYPE": "쿠폰",
        "BENEFIT_DETAIL": "이월 10% 쿠폰",
        "GOAL_SALES": 0,
        "MD_COMMENT": "",
        "ACTUAL_SALES": 0,
        "DAILY_TREND": [
            0,
            0,
            0,
            0,
            0,
            0,
            0,
            0
        ]
    },
    {
        "BRAND": "V",
        "CHANNEL": "더카트골프",
        "DIVISION": "기획전",
        "PROMO_TYPE": "자체",
        "IS_EXCLUSIVE": false,
        "PROMO_NAME": "26 스프링 1차",
        "START_DATE": "2026-02-03",
        "END_DATE": "2026-02-10",
        "STATUS": "planning",
        "SLOT": "스페셜탭, 메인배너",
        "IMAGE_URL": "",
        "BENEFIT_TYPE": "",
        "BENEFIT_DETAIL": "",
        "GOAL_SALES": 0,
        "MD_COMMENT": "",
        "ACTUAL_SALES": 0,
        "DAILY_TREND": [
            0,
            0,
            0,
            0,
            0,
            0,
            0,
            0
        ]
    },
    {
        "BRAND": "V",
        "CHANNEL": "더카트골프",
        "DIVISION": "기획전",
        "PROMO_TYPE": "자체",
        "IS_EXCLUSIVE": false,
        "PROMO_NAME": "26SS 김지원 1차",
        "START_DATE": "2026-02-11",
        "END_DATE": "2026-02-23",
        "STATUS": "planning",
        "SLOT": "스페셜탭, 메인배너",
        "IMAGE_URL": "",
        "BENEFIT_TYPE": "",
        "BENEFIT_DETAIL": "",
        "GOAL_SALES": 0,
        "MD_COMMENT": "",
        "ACTUAL_SALES": 0,
        "DAILY_TREND": [
            0,
            0,
            0,
            0,
            0,
            0,
            0,
            0,
            0,
            0,
            0,
            0,
            0
        ]
    },
    {
        "BRAND": "V",
        "CHANNEL": "더카트골프",
        "DIVISION": "기획전",
        "PROMO_TYPE": "자체",
        "IS_EXCLUSIVE": false,
        "PROMO_NAME": "26 스프링 2차",
        "START_DATE": "2026-02-24",
        "END_DATE": "2026-03-02",
        "STATUS": "planning",
        "SLOT": "스페셜탭, 메인배너",
        "IMAGE_URL": "",
        "BENEFIT_TYPE": "",
        "BENEFIT_DETAIL": "",
        "GOAL_SALES": 0,
        "MD_COMMENT": "",
        "ACTUAL_SALES": 0,
        "DAILY_TREND": [
            0,
            0,
            0,
            0,
            0,
            0,
            0
        ]
    },
    {
        "BRAND": "V",
        "CHANNEL": "신세계V",
        "DIVISION": "프로모션",
        "PROMO_TYPE": "자체",
        "IS_EXCLUSIVE": false,
        "PROMO_NAME": "방한용품 주력 기획전",
        "START_DATE": "2026-01-16",
        "END_DATE": "2026-01-22",
        "STATUS": "closed",
        "SLOT": "스포츠관 메인배너",
        "IMAGE_URL": "",
        "BENEFIT_TYPE": "쿠폰",
        "BENEFIT_DETAIL": "방한용품 10% 쿠폰",
        "GOAL_SALES": 0,
        "MD_COMMENT": "",
        "ACTUAL_SALES": 10979000,
        "DAILY_TREND": [
            13144400,
            0,
            1306300,
            790000,
            70300,
            -2211000,
            -2121000
        ]
    },
    {
        "BRAND": "V",
        "CHANNEL": "신세계V",
        "DIVISION": "프로모션",
        "PROMO_TYPE": "전사",
        "IS_EXCLUSIVE": false,
        "PROMO_NAME": "[연합/개별] 클리어런스 & 라스트피스",
        "START_DATE": "2026-01-23",
        "END_DATE": "2026-01-29",
        "STATUS": "ongoing",
        "SLOT": "스포츠관 메인배너",
        "IMAGE_URL": "",
        "BENEFIT_TYPE": "쿠폰",
        "BENEFIT_DETAIL": "방한용품, 이월 10% 쿠폰",
        "GOAL_SALES": 0,
        "MD_COMMENT": "",
        "ACTUAL_SALES": 3068000,
        "DAILY_TREND": [
            2655000,
            0,
            413000,
            0,
            0,
            0,
            0
        ]
    },
    {
        "BRAND": "V",
        "CHANNEL": "신세계V",
        "DIVISION": "프로모션",
        "PROMO_TYPE": "전사",
        "IS_EXCLUSIVE": false,
        "PROMO_NAME": "[연합/개별] 파이널 특가",
        "START_DATE": "2026-01-30",
        "END_DATE": "2026-02-05",
        "STATUS": "planning",
        "SLOT": "스포츠관 메인배너",
        "IMAGE_URL": "",
        "BENEFIT_TYPE": "쿠폰",
        "BENEFIT_DETAIL": "이월 10% 쿠폰",
        "GOAL_SALES": 0,
        "MD_COMMENT": "",
        "ACTUAL_SALES": 0,
        "DAILY_TREND": [
            0,
            0,
            0,
            0,
            0,
            0,
            0
        ]
    },
    {
        "BRAND": "V",
        "CHANNEL": "신세계V",
        "DIVISION": "프로모션",
        "PROMO_TYPE": "자체",
        "IS_EXCLUSIVE": false,
        "PROMO_NAME": "심야기획전",
        "START_DATE": "2026-01-31",
        "END_DATE": "2026-01-31",
        "STATUS": "planning",
        "SLOT": "홈메인 배너, 패션관 메인배너, 스포츠관 메인배너",
        "IMAGE_URL": "",
        "BENEFIT_TYPE": "쿠폰, 리워드",
        "BENEFIT_DETAIL": "이월 10% / 쇼핑백쿠폰 15% ? / 5% 페이백",
        "GOAL_SALES": 0,
        "MD_COMMENT": "",
        "ACTUAL_SALES": 0,
        "DAILY_TREND": [
            0
        ]
    },
    {
        "BRAND": "V",
        "CHANNEL": "신세계V",
        "DIVISION": "기획전",
        "PROMO_TYPE": "자체",
        "IS_EXCLUSIVE": false,
        "PROMO_NAME": "26 스프링 1차",
        "START_DATE": "2026-02-03",
        "END_DATE": "2026-02-10",
        "STATUS": "planning",
        "SLOT": "스포츠관 메인배너",
        "IMAGE_URL": "",
        "BENEFIT_TYPE": "",
        "BENEFIT_DETAIL": "",
        "GOAL_SALES": 0,
        "MD_COMMENT": "",
        "ACTUAL_SALES": 0,
        "DAILY_TREND": [
            0,
            0,
            0,
            0,
            0,
            0,
            0,
            0
        ]
    },
    {
        "BRAND": "V",
        "CHANNEL": "신세계V",
        "DIVISION": "기획전",
        "PROMO_TYPE": "자체",
        "IS_EXCLUSIVE": false,
        "PROMO_NAME": "26SS 김지원 1차",
        "START_DATE": "2026-02-11",
        "END_DATE": "2026-02-23",
        "STATUS": "planning",
        "SLOT": "스포츠관 메인배너, 매거진V 스타일",
        "IMAGE_URL": "",
        "BENEFIT_TYPE": "",
        "BENEFIT_DETAIL": "",
        "GOAL_SALES": 0,
        "MD_COMMENT": "",
        "ACTUAL_SALES": 0,
        "DAILY_TREND": [
            0,
            0,
            0,
            0,
            0,
            0,
            0,
            0,
            0,
            0,
            0,
            0,
            0
        ]
    },
    {
        "BRAND": "V",
        "CHANNEL": "신세계V",
        "DIVISION": "프로모션",
        "PROMO_TYPE": "전사",
        "IS_EXCLUSIVE": false,
        "PROMO_NAME": "[연합] 봄 아울렛 프리 오픈",
        "START_DATE": "2026-02-20",
        "END_DATE": "2026-03-02",
        "STATUS": "planning",
        "SLOT": "스포츠관 메인배너",
        "IMAGE_URL": "",
        "BENEFIT_TYPE": "쿠폰",
        "BENEFIT_DETAIL": "이월 10%",
        "GOAL_SALES": 0,
        "MD_COMMENT": "",
        "ACTUAL_SALES": 0,
        "DAILY_TREND": [
            0,
            0,
            0,
            0,
            0,
            0,
            0,
            0,
            0,
            0,
            0
        ]
    },
    {
        "BRAND": "V",
        "CHANNEL": "신세계V",
        "DIVISION": "기획전",
        "PROMO_TYPE": "자체",
        "IS_EXCLUSIVE": false,
        "PROMO_NAME": "26 스프링 2차",
        "START_DATE": "2026-02-24",
        "END_DATE": "2026-03-05",
        "STATUS": "planning",
        "SLOT": "스포츠관 메인배너",
        "IMAGE_URL": "",
        "BENEFIT_TYPE": "",
        "BENEFIT_DETAIL": "",
        "GOAL_SALES": 0,
        "MD_COMMENT": "",
        "ACTUAL_SALES": 0,
        "DAILY_TREND": [
            0,
            0,
            0,
            0,
            0,
            0,
            0,
            0,
            0,
            0
        ]
    },
    {
        "BRAND": "V",
        "CHANNEL": "SSF샵",
        "DIVISION": "프로모션",
        "PROMO_TYPE": "자체",
        "IS_EXCLUSIVE": false,
        "PROMO_NAME": "윈터홀리데이",
        "START_DATE": "2025-12-22",
        "END_DATE": "2026-01-05",
        "STATUS": "closed",
        "SLOT": "골프관 메인배너",
        "IMAGE_URL": "",
        "BENEFIT_TYPE": "쿠폰",
        "BENEFIT_DETAIL": "이월 10% 쿠폰",
        "GOAL_SALES": 0,
        "MD_COMMENT": "",
        "ACTUAL_SALES": -3443700,
        "DAILY_TREND": [
            -5809600,
            -3441400,
            -14813000,
            4223400,
            -15673000,
            0,
            10246000,
            -2969700,
            3873300,
            -368600,
            0,
            7789600,
            0,
            7732300,
            5767000
        ]
    },
    {
        "BRAND": "V",
        "CHANNEL": "SSF샵",
        "DIVISION": "프로모션",
        "PROMO_TYPE": "전사",
        "IS_EXCLUSIVE": false,
        "PROMO_NAME": "FW 아우터 쿠폰 팩",
        "START_DATE": "2025-12-29",
        "END_DATE": "2026-01-11",
        "STATUS": "closed",
        "SLOT": "메인배너",
        "IMAGE_URL": "",
        "BENEFIT_TYPE": "쿠폰",
        "BENEFIT_DETAIL": "100/70/50만원 이상 구매 시 10/7/5만원 쿠폰 (SSF부담)",
        "GOAL_SALES": 0,
        "MD_COMMENT": "",
        "ACTUAL_SALES": 49561600,
        "DAILY_TREND": [
            -2969700,
            3873300,
            -368600,
            0,
            7789600,
            0,
            7732300,
            5767000,
            4617000,
            10252000,
            5458400,
            -1597000,
            0,
            9007300
        ]
    },
    {
        "BRAND": "V",
        "CHANNEL": "SSF샵",
        "DIVISION": "프로모션",
        "PROMO_TYPE": "자체",
        "IS_EXCLUSIVE": false,
        "PROMO_NAME": "한파 대비 다운 기획전",
        "START_DATE": "2026-01-05",
        "END_DATE": "2026-01-19",
        "STATUS": "closed",
        "SLOT": "골프관 메인배너, 골프관 주목할 브랜드",
        "IMAGE_URL": "",
        "BENEFIT_TYPE": "쿠폰",
        "BENEFIT_DETAIL": "이월 10% 쿠폰",
        "GOAL_SALES": 0,
        "MD_COMMENT": "",
        "ACTUAL_SALES": 44586100,
        "DAILY_TREND": [
            5767000,
            4617000,
            10252000,
            5458400,
            -1597000,
            0,
            9007300,
            3569700,
            -335300,
            -468000,
            -182000,
            -2000000,
            0,
            6233000,
            4264000
        ]
    },
    {
        "BRAND": "V",
        "CHANNEL": "SSF샵",
        "DIVISION": "프로모션",
        "PROMO_TYPE": "전사",
        "IS_EXCLUSIVE": false,
        "PROMO_NAME": "포커스온 : 아우터 + 팬츠",
        "START_DATE": "2026-01-13",
        "END_DATE": "2026-01-23",
        "STATUS": "closed",
        "SLOT": "메인배너",
        "IMAGE_URL": "",
        "BENEFIT_TYPE": "쿠폰",
        "BENEFIT_DETAIL": "10%, 15% 쿠폰 (최대 10만/SSF부담)",
        "GOAL_SALES": 0,
        "MD_COMMENT": "",
        "ACTUAL_SALES": -92300,
        "DAILY_TREND": [
            -335300,
            -468000,
            -182000,
            -2000000,
            0,
            6233000,
            4264000,
            -976000,
            -3646000,
            -4141000,
            1159000
        ]
    },
    {
        "BRAND": "V",
        "CHANNEL": "SSF샵",
        "DIVISION": "프로모션",
        "PROMO_TYPE": "자체",
        "IS_EXCLUSIVE": false,
        "PROMO_NAME": "방한용품 주력 기획전",
        "START_DATE": "2026-01-12",
        "END_DATE": "2026-01-26",
        "STATUS": "ongoing",
        "SLOT": "골프관 메인배너, 골프관 주목할 브랜드",
        "IMAGE_URL": "",
        "BENEFIT_TYPE": "쿠폰",
        "BENEFIT_DETAIL": "방한용품 10% 쿠폰",
        "GOAL_SALES": 0,
        "MD_COMMENT": "",
        "ACTUAL_SALES": 4117400,
        "DAILY_TREND": [
            3569700,
            -335300,
            -468000,
            -182000,
            -2000000,
            0,
            6233000,
            4264000,
            -976000,
            -3646000,
            -4141000,
            1159000,
            0,
            640000,
            0
        ]
    },
    {
        "BRAND": "V",
        "CHANNEL": "SSF샵",
        "DIVISION": "프로모션",
        "PROMO_TYPE": "자체",
        "IS_EXCLUSIVE": false,
        "PROMO_NAME": "단독 아울렛 주간",
        "START_DATE": "2026-01-26",
        "END_DATE": "2026-02-09",
        "STATUS": "planning",
        "SLOT": "골프관 메인배너",
        "IMAGE_URL": "",
        "BENEFIT_TYPE": "쿠폰",
        "BENEFIT_DETAIL": "이월 10% 쿠폰",
        "GOAL_SALES": 0,
        "MD_COMMENT": "",
        "ACTUAL_SALES": 0,
        "DAILY_TREND": [
            0,
            0,
            0,
            0,
            0,
            0,
            0,
            0,
            0,
            0,
            0,
            0,
            0,
            0,
            0
        ]
    },
    {
        "BRAND": "V",
        "CHANNEL": "SSF샵",
        "DIVISION": "기획전",
        "PROMO_TYPE": "자체",
        "IS_EXCLUSIVE": false,
        "PROMO_NAME": "26 스프링 1차",
        "START_DATE": "2026-02-03",
        "END_DATE": "2026-02-10",
        "STATUS": "planning",
        "SLOT": "골프관 메인배너",
        "IMAGE_URL": "",
        "BENEFIT_TYPE": "",
        "BENEFIT_DETAIL": "",
        "GOAL_SALES": 0,
        "MD_COMMENT": "",
        "ACTUAL_SALES": 0,
        "DAILY_TREND": [
            0,
            0,
            0,
            0,
            0,
            0,
            0,
            0
        ]
    },
    {
        "BRAND": "V",
        "CHANNEL": "SSF샵",
        "DIVISION": "기획전",
        "PROMO_TYPE": "자체",
        "IS_EXCLUSIVE": false,
        "PROMO_NAME": "26SS 김지원 1차",
        "START_DATE": "2026-02-11",
        "END_DATE": "2026-02-23",
        "STATUS": "planning",
        "SLOT": "골프관 메인배너, 인스타 (부킹요청)",
        "IMAGE_URL": "",
        "BENEFIT_TYPE": "",
        "BENEFIT_DETAIL": "",
        "GOAL_SALES": 0,
        "MD_COMMENT": "",
        "ACTUAL_SALES": 0,
        "DAILY_TREND": [
            0,
            0,
            0,
            0,
            0,
            0,
            0,
            0,
            0,
            0,
            0,
            0,
            0
        ]
    },
    {
        "BRAND": "V",
        "CHANNEL": "SSF샵",
        "DIVISION": "기획전",
        "PROMO_TYPE": "자체",
        "IS_EXCLUSIVE": false,
        "PROMO_NAME": "26 스프링 2차",
        "START_DATE": "2026-02-24",
        "END_DATE": "2026-03-02",
        "STATUS": "planning",
        "SLOT": "골프관 메인배너",
        "IMAGE_URL": "",
        "BENEFIT_TYPE": "",
        "BENEFIT_DETAIL": "",
        "GOAL_SALES": 0,
        "MD_COMMENT": "",
        "ACTUAL_SALES": 0,
        "DAILY_TREND": [
            0,
            0,
            0,
            0,
            0,
            0,
            0
        ]
    },
    {
        "BRAND": "V",
        "CHANNEL": "SSG닷컴",
        "DIVISION": "프로모션",
        "PROMO_TYPE": "전사",
        "IS_EXCLUSIVE": false,
        "PROMO_NAME": "신년 쇼핑 익스프레스",
        "START_DATE": "2026-01-01",
        "END_DATE": "2026-01-04",
        "STATUS": "closed",
        "SLOT": "신세계몰 메인배너",
        "IMAGE_URL": "",
        "BENEFIT_TYPE": "쿠폰",
        "BENEFIT_DETAIL": "10% 다운로드 쿠폰 (최대 1만/반반부담)",
        "GOAL_SALES": 0,
        "MD_COMMENT": "",
        "ACTUAL_SALES": 9150300,
        "DAILY_TREND": [
            0,
            6125300,
            0,
            3025000
        ]
    },
    {
        "BRAND": "V",
        "CHANNEL": "SSG닷컴",
        "DIVISION": "프로모션",
        "PROMO_TYPE": "",
        "IS_EXCLUSIVE": false,
        "PROMO_NAME": "명품 주력 주차 - 아우터 카테고리 노출",
        "START_DATE": "2026-01-05",
        "END_DATE": "2026-01-11",
        "STATUS": "closed",
        "SLOT": "명품관 Now on official brand",
        "IMAGE_URL": "",
        "BENEFIT_TYPE": "카드할인",
        "BENEFIT_DETAIL": "8% 카드 청구 할인 (최대 10만/반반부담)",
        "GOAL_SALES": 0,
        "MD_COMMENT": "",
        "ACTUAL_SALES": 36405700,
        "DAILY_TREND": [
            5352300,
            5993000,
            298000,
            11601000,
            5123100,
            0,
            8038300
        ]
    },
    {
        "BRAND": "V",
        "CHANNEL": "SSG닷컴",
        "DIVISION": "프로모션",
        "PROMO_TYPE": "전사",
        "IS_EXCLUSIVE": false,
        "PROMO_NAME": "명품 수퍼세일",
        "START_DATE": "2026-01-07",
        "END_DATE": "2026-01-07",
        "STATUS": "closed",
        "SLOT": "신세계몰 메인배너",
        "IMAGE_URL": "",
        "BENEFIT_TYPE": "쿠폰",
        "BENEFIT_DETAIL": "10% 다운로드 쿠폰 (최대 10만/반반부담)",
        "GOAL_SALES": 0,
        "MD_COMMENT": "",
        "ACTUAL_SALES": 298000,
        "DAILY_TREND": [
            298000
        ]
    },
    {
        "BRAND": "V",
        "CHANNEL": "SSG닷컴",
        "DIVISION": "프로모션",
        "PROMO_TYPE": "",
        "IS_EXCLUSIVE": false,
        "PROMO_NAME": "윈터 부츠 기획전",
        "START_DATE": "2026-01-12",
        "END_DATE": "2026-01-18",
        "STATUS": "closed",
        "SLOT": "명품관 메인배너",
        "IMAGE_URL": "",
        "BENEFIT_TYPE": "카드할인, 쿠폰",
        "BENEFIT_DETAIL": "8% 카드 즉시 할인 (최대 10만/반반부담), 방한용품 10% 쿠폰",
        "GOAL_SALES": 0,
        "MD_COMMENT": "",
        "ACTUAL_SALES": 14711200,
        "DAILY_TREND": [
            1309000,
            1059000,
            5218300,
            1532600,
            -2275700,
            0,
            7868000
        ]
    },
    {
        "BRAND": "V",
        "CHANNEL": "SSG닷컴",
        "DIVISION": "프로모션",
        "PROMO_TYPE": "",
        "IS_EXCLUSIVE": false,
        "PROMO_NAME": "방한 아우터 기획전",
        "START_DATE": "2026-01-19",
        "END_DATE": "2026-01-25",
        "STATUS": "ongoing",
        "SLOT": "공식브랜드관 메인배너",
        "IMAGE_URL": "",
        "BENEFIT_TYPE": "카드할인, 쿠폰",
        "BENEFIT_DETAIL": "5% 카드 청구 할인 (최대 10만/SSG부담), 방한용품 10% 쿠폰",
        "GOAL_SALES": 0,
        "MD_COMMENT": "",
        "ACTUAL_SALES": 9226400,
        "DAILY_TREND": [
            -2286000,
            4175000,
            2003000,
            273000,
            -402900,
            0,
            5464300
        ]
    },
    {
        "BRAND": "V",
        "CHANNEL": "무신사",
        "DIVISION": "프로모션",
        "PROMO_TYPE": "자체",
        "IS_EXCLUSIVE": false,
        "PROMO_NAME": "윈터 파이널 에디트",
        "START_DATE": "2026-01-19",
        "END_DATE": "2026-01-25",
        "STATUS": "ongoing",
        "SLOT": "부티크관 메인배너",
        "IMAGE_URL": "",
        "BENEFIT_TYPE": "쿠폰",
        "BENEFIT_DETAIL": "이월 5% 쿠폰",
        "GOAL_SALES": 0,
        "MD_COMMENT": "",
        "ACTUAL_SALES": 5389800,
        "DAILY_TREND": [
            2663400,
            -1575600,
            1535000,
            243000,
            2080000,
            0,
            444000
        ]
    },
    {
        "BRAND": "V",
        "CHANNEL": "무신사",
        "DIVISION": "프로모션",
        "PROMO_TYPE": "전사",
        "IS_EXCLUSIVE": false,
        "PROMO_NAME": "클리어런스 위크",
        "START_DATE": "2026-01-19",
        "END_DATE": "2026-01-29",
        "STATUS": "ongoing",
        "SLOT": "부티크관 메인배너/전사행사장",
        "IMAGE_URL": "",
        "BENEFIT_TYPE": "쿠폰",
        "BENEFIT_DETAIL": "이월 5% 쿠폰",
        "GOAL_SALES": 0,
        "MD_COMMENT": "",
        "ACTUAL_SALES": 5389800,
        "DAILY_TREND": [
            2663400,
            -1575600,
            1535000,
            243000,
            2080000,
            0,
            444000,
            0,
            0,
            0,
            0
        ]
    },
    {
        "BRAND": "V",
        "CHANNEL": "무신사",
        "DIVISION": "프로모션",
        "PROMO_TYPE": "자체",
        "IS_EXCLUSIVE": false,
        "PROMO_NAME": "봄 아울렛 프리 오픈",
        "START_DATE": "2026-01-26",
        "END_DATE": "2026-02-02",
        "STATUS": "planning",
        "SLOT": "부티크관 메인배너",
        "IMAGE_URL": "",
        "BENEFIT_TYPE": "쿠폰",
        "BENEFIT_DETAIL": "이월 10% 쿠폰 (반반부담 요청)",
        "GOAL_SALES": 0,
        "MD_COMMENT": "",
        "ACTUAL_SALES": 0,
        "DAILY_TREND": [
            0,
            0,
            0,
            0,
            0,
            0,
            0,
            0
        ]
    },
    {
        "BRAND": "V",
        "CHANNEL": "무신사",
        "DIVISION": "기획전",
        "PROMO_TYPE": "자체",
        "IS_EXCLUSIVE": false,
        "PROMO_NAME": "26 스프링 1차",
        "START_DATE": "2026-02-03",
        "END_DATE": "2026-02-10",
        "STATUS": "planning",
        "SLOT": "부티크관 메인배너",
        "IMAGE_URL": "",
        "BENEFIT_TYPE": "",
        "BENEFIT_DETAIL": "",
        "GOAL_SALES": 0,
        "MD_COMMENT": "",
        "ACTUAL_SALES": 0,
        "DAILY_TREND": [
            0,
            0,
            0,
            0,
            0,
            0,
            0,
            0
        ]
    },
    {
        "BRAND": "V",
        "CHANNEL": "무신사",
        "DIVISION": "기획전",
        "PROMO_TYPE": "자체",
        "IS_EXCLUSIVE": false,
        "PROMO_NAME": "26SS 김지원 1차",
        "START_DATE": "2026-02-11",
        "END_DATE": "2026-02-23",
        "STATUS": "planning",
        "SLOT": "부티크관 메인배너",
        "IMAGE_URL": "",
        "BENEFIT_TYPE": "",
        "BENEFIT_DETAIL": "",
        "GOAL_SALES": 0,
        "MD_COMMENT": "",
        "ACTUAL_SALES": 0,
        "DAILY_TREND": [
            0,
            0,
            0,
            0,
            0,
            0,
            0,
            0,
            0,
            0,
            0,
            0,
            0
        ]
    },
    {
        "BRAND": "V",
        "CHANNEL": "무신사",
        "DIVISION": "기획전",
        "PROMO_TYPE": "자체",
        "IS_EXCLUSIVE": false,
        "PROMO_NAME": "26 스프링 2차",
        "START_DATE": "2026-02-24",
        "END_DATE": "2026-03-02",
        "STATUS": "planning",
        "SLOT": "부티크관 메인배너",
        "IMAGE_URL": "",
        "BENEFIT_TYPE": "",
        "BENEFIT_DETAIL": "",
        "GOAL_SALES": 0,
        "MD_COMMENT": "",
        "ACTUAL_SALES": 0,
        "DAILY_TREND": [
            0,
            0,
            0,
            0,
            0,
            0,
            0
        ]
    },
    {
        "BRAND": "V",
        "CHANNEL": "무신사",
        "DIVISION": "프로모션",
        "PROMO_TYPE": "전사",
        "IS_EXCLUSIVE": false,
        "PROMO_NAME": "26 설날 빅 세일 & 애프터 세일",
        "START_DATE": "2026-02-09",
        "END_DATE": "2026-02-26",
        "STATUS": "planning",
        "SLOT": "부티크관 메인배너/전사행사장",
        "IMAGE_URL": "",
        "BENEFIT_TYPE": "쿠폰",
        "BENEFIT_DETAIL": "이월 10% 쿠폰",
        "GOAL_SALES": 0,
        "MD_COMMENT": "",
        "ACTUAL_SALES": 0,
        "DAILY_TREND": [
            0,
            0,
            0,
            0,
            0,
            0,
            0,
            0,
            0,
            0,
            0,
            0,
            0,
            0,
            0,
            0,
            0,
            0
        ]
    },
    {
        "BRAND": "V",
        "CHANNEL": "자사몰",
        "DIVISION": "프로모션",
        "PROMO_TYPE": "전사",
        "IS_EXCLUSIVE": false,
        "PROMO_NAME": "방한용품 프로모션",
        "START_DATE": "2026-01-07",
        "END_DATE": "2026-01-31",
        "STATUS": "ongoing",
        "SLOT": "하단배너/GNB탭",
        "IMAGE_URL": "",
        "BENEFIT_TYPE": "쿠폰",
        "BENEFIT_DETAIL": "방한용품 10% 쿠폰",
        "GOAL_SALES": 0,
        "MD_COMMENT": "",
        "ACTUAL_SALES": 185020120,
        "DAILY_TREND": [
            404300,
            14068500,
            10755680,
            16726100,
            9962800,
            9223860,
            12711300,
            6275900,
            811150,
            9479680,
            9916700,
            18080400,
            6030400,
            5285570,
            16656790,
            9232500,
            1887400,
            7856490,
            19654600,
            0,
            0,
            0,
            0,
            0,
            0
        ]
    },
    {
        "BRAND": "V",
        "CHANNEL": "자사몰",
        "DIVISION": "기획전",
        "PROMO_TYPE": "자체",
        "IS_EXCLUSIVE": false,
        "PROMO_NAME": "아우터 기획전 리프레시",
        "START_DATE": "2026-01-16",
        "END_DATE": "2026-02-16",
        "STATUS": "ongoing",
        "SLOT": "하단배너",
        "IMAGE_URL": "",
        "BENEFIT_TYPE": "",
        "BENEFIT_DETAIL": "",
        "GOAL_SALES": 0,
        "MD_COMMENT": "",
        "ACTUAL_SALES": 104080530,
        "DAILY_TREND": [
            9479680,
            9916700,
            18080400,
            6030400,
            5285570,
            16656790,
            9232500,
            1887400,
            7856490,
            19654600,
            0,
            0,
            0,
            0,
            0,
            0,
            0,
            0,
            0,
            0,
            0,
            0,
            0,
            0,
            0,
            0,
            0,
            0,
            0,
            0,
            0,
            0
        ]
    },
    {
        "BRAND": "V",
        "CHANNEL": "자사몰",
        "DIVISION": "기획전",
        "PROMO_TYPE": "전사",
        "IS_EXCLUSIVE": false,
        "PROMO_NAME": "알로로벨벳 예약판매",
        "START_DATE": "2026-01-15",
        "END_DATE": "2026-02-02",
        "STATUS": "ongoing",
        "SLOT": "팝업배너",
        "IMAGE_URL": "",
        "BENEFIT_TYPE": "",
        "BENEFIT_DETAIL": "",
        "GOAL_SALES": 0,
        "MD_COMMENT": "",
        "ACTUAL_SALES": 104891680,
        "DAILY_TREND": [
            811150,
            9479680,
            9916700,
            18080400,
            6030400,
            5285570,
            16656790,
            9232500,
            1887400,
            7856490,
            19654600,
            0,
            0,
            0,
            0,
            0,
            0,
            0,
            0
        ]
    },
    {
        "BRAND": "V",
        "CHANNEL": "자사몰",
        "DIVISION": "프로모션",
        "PROMO_TYPE": "자체",
        "IS_EXCLUSIVE": false,
        "PROMO_NAME": "설 기프트 프로모션",
        "START_DATE": "2026-01-27",
        "END_DATE": "2026-02-20",
        "STATUS": "planning",
        "SLOT": "하단배너/GNB탭",
        "IMAGE_URL": "",
        "BENEFIT_TYPE": "사은품",
        "BENEFIT_DETAIL": "상품/구매금액별 사은품 증정",
        "GOAL_SALES": 0,
        "MD_COMMENT": "방한슈즈 구매 시 스크런치 사은품 증정(20명)/신상 100만원 이상 구매 시 패딩크로스백 증정(20명)/다운 구매 시 쇼핑백,인박스 증정",
        "ACTUAL_SALES": 0,
        "DAILY_TREND": [
            0,
            0,
            0,
            0,
            0,
            0,
            0,
            0,
            0,
            0,
            0,
            0,
            0,
            0,
            0,
            0,
            0,
            0,
            0,
            0,
            0,
            0,
            0,
            0,
            0
        ]
    },
    {
        "BRAND": "ST",
        "CHANNEL": "자사몰",
        "DIVISION": "프로모션",
        "PROMO_TYPE": "전사",
        "IS_EXCLUSIVE": false,
        "PROMO_NAME": "브랜드데이",
        "START_DATE": "2026-01-06",
        "END_DATE": "2026-01-31",
        "STATUS": "ongoing",
        "SLOT": "띠배너",
        "IMAGE_URL": "",
        "BENEFIT_TYPE": "쿠폰, 리워드",
        "BENEFIT_DETAIL": "기획전배너 X) 25FW SS 10%쿠폰 26SS 10% 적립",
        "GOAL_SALES": 0,
        "MD_COMMENT": "",
        "ACTUAL_SALES": 50759510,
        "DAILY_TREND": [
            2422560,
            3130300,
            2096480,
            915820,
            3138500,
            1557760,
            519290,
            1082330,
            3460520,
            3299800,
            6501000,
            3591160,
            4245700,
            1478860,
            2425510,
            1072240,
            2499630,
            2189000,
            2566490,
            2566560,
            0,
            0,
            0,
            0,
            0,
            0
        ]
    },
    {
        "BRAND": "ST",
        "CHANNEL": "자사몰",
        "DIVISION": "프로모션",
        "PROMO_TYPE": "전사",
        "IS_EXCLUSIVE": true,
        "PROMO_NAME": "현대카드 슈퍼매치 에디션",
        "START_DATE": "2026-01-13",
        "END_DATE": "2026-01-31",
        "STATUS": "ongoing",
        "SLOT": "롤링배너",
        "IMAGE_URL": "",
        "BENEFIT_TYPE": "리워드",
        "BENEFIT_DETAIL": "브랜드데이 중복) 25FW SS 10%쿠폰 26SS 10% 적립",
        "GOAL_SALES": 0,
        "MD_COMMENT": "",
        "ACTUAL_SALES": 36978800,
        "DAILY_TREND": [
            1082330,
            3460520,
            3299800,
            6501000,
            3591160,
            4245700,
            1478860,
            2425510,
            1072240,
            2499630,
            2189000,
            2566490,
            2566560,
            0,
            0,
            0,
            0,
            0,
            0
        ]
    },
    {
        "BRAND": "ST",
        "CHANNEL": "자사몰",
        "DIVISION": "프로모션",
        "PROMO_TYPE": "자체",
        "IS_EXCLUSIVE": false,
        "PROMO_NAME": "GWP 프로모션",
        "START_DATE": "2026-01-13",
        "END_DATE": "2026-01-31",
        "STATUS": "ongoing",
        "SLOT": "롤링배너",
        "IMAGE_URL": "",
        "BENEFIT_TYPE": "사은품, 쿠폰",
        "BENEFIT_DETAIL": "브랜드데이 중복) 24F 추가 노출",
        "GOAL_SALES": 0,
        "MD_COMMENT": "",
        "ACTUAL_SALES": 36978800,
        "DAILY_TREND": [
            1082330,
            3460520,
            3299800,
            6501000,
            3591160,
            4245700,
            1478860,
            2425510,
            1072240,
            2499630,
            2189000,
            2566490,
            2566560,
            0,
            0,
            0,
            0,
            0,
            0
        ]
    },
    {
        "BRAND": "ST",
        "CHANNEL": "자사몰",
        "DIVISION": "프로모션",
        "PROMO_TYPE": "전사",
        "IS_EXCLUSIVE": false,
        "PROMO_NAME": "쿠쉬라이트 출시기념 프로모션",
        "START_DATE": "2026-02-03",
        "END_DATE": "2026-02-22",
        "STATUS": "planning",
        "SLOT": "미정",
        "IMAGE_URL": "",
        "BENEFIT_TYPE": "리워드",
        "BENEFIT_DETAIL": "30만원이상 7%리워드, 50만원이상 10%리워드 + 사은품",
        "GOAL_SALES": 0,
        "MD_COMMENT": "",
        "ACTUAL_SALES": 0,
        "DAILY_TREND": [
            0,
            0,
            0,
            0,
            0,
            0,
            0,
            0,
            0,
            0,
            0,
            0,
            0,
            0,
            0,
            0,
            0,
            0,
            0,
            0
        ]
    },
    {
        "BRAND": "ST",
        "CHANNEL": "자사몰",
        "DIVISION": "프로모션",
        "PROMO_TYPE": "자체",
        "IS_EXCLUSIVE": false,
        "PROMO_NAME": "ST 클럽모집 프로모션",
        "START_DATE": "2026-02-24",
        "END_DATE": "2026-03-15",
        "STATUS": "planning",
        "SLOT": "미정",
        "IMAGE_URL": "",
        "BENEFIT_TYPE": "",
        "BENEFIT_DETAIL": "",
        "GOAL_SALES": 0,
        "MD_COMMENT": "",
        "ACTUAL_SALES": 0,
        "DAILY_TREND": [
            0,
            0,
            0,
            0,
            0,
            0,
            0,
            0,
            0,
            0,
            0,
            0,
            0,
            0,
            0,
            0,
            0,
            0,
            0,
            0
        ]
    },
    {
        "BRAND": "ST",
        "CHANNEL": "자사몰",
        "DIVISION": "프로모션",
        "PROMO_TYPE": "전사",
        "IS_EXCLUSIVE": true,
        "PROMO_NAME": "셀럽 릴리즈 할인&GWP",
        "START_DATE": "2026-02-24",
        "END_DATE": "2026-03-15",
        "STATUS": "planning",
        "SLOT": "미정",
        "IMAGE_URL": "",
        "BENEFIT_TYPE": "쿠폰, 사은품",
        "BENEFIT_DETAIL": "26S 10% 쿠폰 + 사은품",
        "GOAL_SALES": 0,
        "MD_COMMENT": "",
        "ACTUAL_SALES": 0,
        "DAILY_TREND": [
            0,
            0,
            0,
            0,
            0,
            0,
            0,
            0,
            0,
            0,
            0,
            0,
            0,
            0,
            0,
            0,
            0,
            0,
            0,
            0
        ]
    },
    {
        "BRAND": "ST",
        "CHANNEL": "자사몰",
        "DIVISION": "기획전",
        "PROMO_TYPE": "자체",
        "IS_EXCLUSIVE": false,
        "PROMO_NAME": "New Year Wellness",
        "START_DATE": "2026-01-07",
        "END_DATE": "2026-01-14",
        "STATUS": "closed",
        "SLOT": "롤링배너",
        "IMAGE_URL": "",
        "BENEFIT_TYPE": "",
        "BENEFIT_DETAIL": "",
        "GOAL_SALES": 0,
        "MD_COMMENT": "",
        "ACTUAL_SALES": 15901000,
        "DAILY_TREND": [
            3130300,
            2096480,
            915820,
            3138500,
            1557760,
            519290,
            1082330,
            3460520
        ]
    },
    {
        "BRAND": "ST",
        "CHANNEL": "자사몰",
        "DIVISION": "기획전",
        "PROMO_TYPE": "자체",
        "IS_EXCLUSIVE": false,
        "PROMO_NAME": "ON & OFF the COURT",
        "START_DATE": "2026-01-22",
        "END_DATE": "2026-01-28",
        "STATUS": "ongoing",
        "SLOT": "코너1",
        "IMAGE_URL": "",
        "BENEFIT_TYPE": "",
        "BENEFIT_DETAIL": "",
        "GOAL_SALES": 0,
        "MD_COMMENT": "",
        "ACTUAL_SALES": 9821680,
        "DAILY_TREND": [
            2499630,
            2189000,
            2566490,
            2566560,
            0,
            0,
            0
        ]
    },
    {
        "BRAND": "ST",
        "CHANNEL": "자사몰",
        "DIVISION": "기획전",
        "PROMO_TYPE": "자체",
        "IS_EXCLUSIVE": true,
        "PROMO_NAME": "26봄 캠페인 릴리즈",
        "START_DATE": "2026-02-03",
        "END_DATE": "2026-02-09",
        "STATUS": "planning",
        "SLOT": "롤링배너",
        "IMAGE_URL": "",
        "BENEFIT_TYPE": "",
        "BENEFIT_DETAIL": "",
        "GOAL_SALES": 0,
        "MD_COMMENT": "",
        "ACTUAL_SALES": 0,
        "DAILY_TREND": [
            0,
            0,
            0,
            0,
            0,
            0,
            0
        ]
    },
    {
        "BRAND": "ST",
        "CHANNEL": "자사몰",
        "DIVISION": "프로모션",
        "PROMO_TYPE": "전사",
        "IS_EXCLUSIVE": false,
        "PROMO_NAME": "구매금액대별 할인",
        "START_DATE": "2025-01-05",
        "END_DATE": "2025-01-19",
        "STATUS": "closed",
        "SLOT": "롤링배너",
        "IMAGE_URL": "",
        "BENEFIT_TYPE": "쿠폰",
        "BENEFIT_DETAIL": "20/40만원 이상 구매시 3/5만원 금액할인(전상품)",
        "GOAL_SALES": 0,
        "MD_COMMENT": "",
        "ACTUAL_SALES": 55389100,
        "DAILY_TREND": [
            0,
            3201000,
            -26000,
            3524900,
            -147900,
            2958000,
            0,
            0,
            13594700,
            9672800,
            11037800,
            3995000,
            7578800,
            0,
            0
        ]
    },
    {
        "BRAND": "ST",
        "CHANNEL": "자사몰",
        "DIVISION": "프로모션",
        "PROMO_TYPE": "전사",
        "IS_EXCLUSIVE": false,
        "PROMO_NAME": "new year with tacchini(명절프로모션)",
        "START_DATE": "2025-01-24",
        "END_DATE": "2025-02-02",
        "STATUS": "closed",
        "SLOT": "롤링배너",
        "IMAGE_URL": "",
        "BENEFIT_TYPE": "쿠폰",
        "BENEFIT_DETAIL": "공통: 아우터5만, 전상품 10%(카카오플친 10%대응), 온라인단독: 플라잉스커트 신상 2만할인, 사은품(요가매트&모자)",
        "GOAL_SALES": 0,
        "MD_COMMENT": "",
        "ACTUAL_SALES": 33646900,
        "DAILY_TREND": [
            5415800,
            0,
            0,
            2671900,
            0,
            0,
            0,
            28404200,
            -2845000,
            0
        ]
    },
    {
        "BRAND": "ST",
        "CHANNEL": "자사몰",
        "DIVISION": "프로모션",
        "PROMO_TYPE": "자체",
        "IS_EXCLUSIVE": false,
        "PROMO_NAME": "exciting new chapter(호주오픈기념 할인)",
        "START_DATE": "2025-01-13",
        "END_DATE": "2025-01-26",
        "STATUS": "closed",
        "SLOT": "롤링배너",
        "IMAGE_URL": "",
        "BENEFIT_TYPE": "쿠폰, 사은품",
        "BENEFIT_DETAIL": "1) 24SS 30% 주문서 쿠폰\n2) AO 시그니처 컬러(블루/화이트) 제품 구매 시 댐프너 증정\n적용상품: 24SS FW 84sku)",
        "GOAL_SALES": 0,
        "MD_COMMENT": "",
        "ACTUAL_SALES": 87199200,
        "DAILY_TREND": [
            13594700,
            9672800,
            11037800,
            3995000,
            7578800,
            0,
            0,
            18931700,
            7720800,
            5210000,
            4041800,
            5415800,
            0,
            0
        ]
    },
    {
        "BRAND": "ST",
        "CHANNEL": "자사몰",
        "DIVISION": "프로모션",
        "PROMO_TYPE": "자체",
        "IS_EXCLUSIVE": false,
        "PROMO_NAME": "윈터 스페셜 프로모션(아우터 할인)",
        "START_DATE": "2025-01-07",
        "END_DATE": "2025-01-12",
        "STATUS": "closed",
        "SLOT": "롤링배너",
        "IMAGE_URL": "",
        "BENEFIT_TYPE": "쿠폰",
        "BENEFIT_DETAIL": "DJ DV PD (24F 25sku, 23F 13sku-재출고 30%) 24F 30% 쿠폰, 23F 재출고 30% 고객혜택가",
        "GOAL_SALES": 0,
        "MD_COMMENT": "",
        "ACTUAL_SALES": 6309000,
        "DAILY_TREND": [
            -26000,
            3524900,
            -147900,
            2958000,
            0,
            0
        ]
    },
    {
        "BRAND": "ST",
        "CHANNEL": "자사몰",
        "DIVISION": "프로모션",
        "PROMO_TYPE": "전사",
        "IS_EXCLUSIVE": false,
        "PROMO_NAME": "플라잉스커트 런칭 할인",
        "START_DATE": "2025-02-11",
        "END_DATE": "2025-02-28",
        "STATUS": "closed",
        "SLOT": "롤링배너",
        "IMAGE_URL": "",
        "BENEFIT_TYPE": "쿠폰",
        "BENEFIT_DETAIL": "2만원 할인 → 매쉬 TWSK12153(2.11~28) 백플리츠 TWSK22151(2.17~28) ",
        "GOAL_SALES": 0,
        "MD_COMMENT": "",
        "ACTUAL_SALES": 88213500,
        "DAILY_TREND": [
            2143000,
            2666000,
            1821900,
            2428700,
            0,
            0,
            5524000,
            6901900,
            13154000,
            14310900,
            10163600,
            0,
            0,
            1102000,
            44206700,
            1927000,
            -978000,
            -17158200
        ]
    },
    {
        "BRAND": "ST",
        "CHANNEL": "자사몰",
        "DIVISION": "프로모션",
        "PROMO_TYPE": "자체",
        "IS_EXCLUSIVE": false,
        "PROMO_NAME": "스페셜 프로모션(이월추가 할인)",
        "START_DATE": "2025-02-17",
        "END_DATE": "2025-02-23",
        "STATUS": "closed",
        "SLOT": "롤링배너",
        "IMAGE_URL": "",
        "BENEFIT_TYPE": "쿠폰",
        "BENEFIT_DETAIL": "> 적용상품: 24SS\r\n> 혜택: 상시 40% + 10% 주문서쿠폰",
        "GOAL_SALES": 0,
        "MD_COMMENT": "",
        "ACTUAL_SALES": 50054400,
        "DAILY_TREND": [
            5524000,
            6901900,
            13154000,
            14310900,
            10163600,
            0,
            0
        ]
    },
    {
        "BRAND": "ST",
        "CHANNEL": "자사몰",
        "DIVISION": "프로모션",
        "PROMO_TYPE": "전사",
        "IS_EXCLUSIVE": false,
        "PROMO_NAME": "모던트랙 런칭 프로모션",
        "START_DATE": "2025-02-18",
        "END_DATE": "2025-02-28",
        "STATUS": "closed",
        "SLOT": "롤링배너",
        "IMAGE_URL": "",
        "BENEFIT_TYPE": "쿠폰, 사은품",
        "BENEFIT_DETAIL": "단품 구매시 2만원 주문서 쿠폰\n세트 구매시 5만원 주문서 쿠폰 + 24FW 양말 사은품",
        "GOAL_SALES": 0,
        "MD_COMMENT": "",
        "ACTUAL_SALES": 73629900,
        "DAILY_TREND": [
            6901900,
            13154000,
            14310900,
            10163600,
            0,
            0,
            1102000,
            44206700,
            1927000,
            -978000,
            -17158200
        ]
    },
    {
        "BRAND": "ST",
        "CHANNEL": "자사몰",
        "DIVISION": "기획전",
        "PROMO_TYPE": "자체",
        "IS_EXCLUSIVE": false,
        "PROMO_NAME": "New Season, New Styles",
        "START_DATE": "2025-02-04",
        "END_DATE": "2025-02-10",
        "STATUS": "closed",
        "SLOT": "롤링배너",
        "IMAGE_URL": "",
        "BENEFIT_TYPE": "",
        "BENEFIT_DETAIL": "MKT STO 캠페인컷 릴리즈 1차",
        "GOAL_SALES": 0,
        "MD_COMMENT": "",
        "ACTUAL_SALES": 45066600,
        "DAILY_TREND": [
            2716900,
            2883000,
            158000,
            6401800,
            0,
            0,
            32906900
        ]
    },
    {
        "BRAND": "ST",
        "CHANNEL": "자사몰",
        "DIVISION": "기획전",
        "PROMO_TYPE": "자체",
        "IS_EXCLUSIVE": false,
        "PROMO_NAME": "Seasonal Essentials: Sweatshirts",
        "START_DATE": "2025-02-25",
        "END_DATE": "2025-03-03",
        "STATUS": "closed",
        "SLOT": "롤링배너",
        "IMAGE_URL": "",
        "BENEFIT_TYPE": "",
        "BENEFIT_DETAIL": "IMC 맨투맨",
        "GOAL_SALES": 0,
        "MD_COMMENT": "",
        "ACTUAL_SALES": 23454500,
        "DAILY_TREND": [
            44206700,
            1927000,
            -978000,
            -17158200,
            -4543000,
            0,
            0
        ]
    },
    {
        "BRAND": "V",
        "CHANNEL": "자사몰",
        "DIVISION": "프로모션",
        "PROMO_TYPE": "자체",
        "IS_EXCLUSIVE": false,
        "PROMO_NAME": "설날 기프트",
        "START_DATE": "2025-01-13",
        "END_DATE": "2025-01-30",
        "STATUS": "closed",
        "SLOT": "메인배너",
        "IMAGE_URL": "",
        "BENEFIT_TYPE": "",
        "BENEFIT_DETAIL": "",
        "GOAL_SALES": 0,
        "MD_COMMENT": "",
        "ACTUAL_SALES": 17660400,
        "DAILY_TREND": [
            -2570400,
            10741900,
            -3077700,
            1291800,
            5088100,
            2512100,
            3051600,
            1560800,
            -2500300,
            383300,
            -4033900,
            574300,
            1358000,
            -623000,
            3001700,
            -235300,
            -579600,
            1717000
        ]
    },
    {
        "BRAND": "V",
        "CHANNEL": "자사몰",
        "DIVISION": "기획전",
        "PROMO_TYPE": "전사",
        "IS_EXCLUSIVE": false,
        "PROMO_NAME": "김지원 3차 (25SS프리)",
        "START_DATE": "2025-02-24",
        "END_DATE": "2025-03-24",
        "STATUS": "closed",
        "SLOT": "메인배너",
        "IMAGE_URL": "",
        "BENEFIT_TYPE": "",
        "BENEFIT_DETAIL": "",
        "GOAL_SALES": 0,
        "MD_COMMENT": "",
        "ACTUAL_SALES": 73196570,
        "DAILY_TREND": [
            4664500,
            2470400,
            3242500,
            2764100,
            3574500,
            2731400,
            3194600,
            2025500,
            1685500,
            311000,
            -1917500,
            3171000,
            2428000,
            3371900,
            1454000,
            1035500,
            -1550500,
            2204000,
            2959900,
            2275000,
            1604670,
            -330000,
            5762400,
            3298000,
            3150400,
            8201900,
            3657000,
            5543400,
            213500
        ]
    },
    {
        "BRAND": "V",
        "CHANNEL": "자사몰",
        "DIVISION": "기획전",
        "PROMO_TYPE": "자체",
        "IS_EXCLUSIVE": false,
        "PROMO_NAME": "25SS 스프링 캠페인 1-1차",
        "START_DATE": "2025-02-11",
        "END_DATE": "2025-03-11",
        "STATUS": "closed",
        "SLOT": "메인배너",
        "IMAGE_URL": "",
        "BENEFIT_TYPE": "",
        "BENEFIT_DETAIL": "",
        "GOAL_SALES": 0,
        "MD_COMMENT": "",
        "ACTUAL_SALES": 56188520,
        "DAILY_TREND": [
            1374400,
            3885300,
            1173000,
            4377000,
            -1236000,
            1452600,
            -395100,
            1822000,
            375620,
            -1950300,
            5371400,
            2765700,
            966000,
            4664500,
            2470400,
            3242500,
            2764100,
            3574500,
            2731400,
            3194600,
            2025500,
            1685500,
            311000,
            -1917500,
            3171000,
            2428000,
            3371900,
            1454000,
            1035500
        ]
    },
    {
        "BRAND": "V",
        "CHANNEL": "자사몰",
        "DIVISION": "기획전",
        "PROMO_TYPE": "자체",
        "IS_EXCLUSIVE": false,
        "PROMO_NAME": "25SS 스프링 캠페인 1-2차 (남성)",
        "START_DATE": "2025-02-12",
        "END_DATE": "2025-03-10",
        "STATUS": "closed",
        "SLOT": "메인배너",
        "IMAGE_URL": "",
        "BENEFIT_TYPE": "",
        "BENEFIT_DETAIL": "",
        "GOAL_SALES": 0,
        "MD_COMMENT": "",
        "ACTUAL_SALES": 53778620,
        "DAILY_TREND": [
            3885300,
            1173000,
            4377000,
            -1236000,
            1452600,
            -395100,
            1822000,
            375620,
            -1950300,
            5371400,
            2765700,
            966000,
            4664500,
            2470400,
            3242500,
            2764100,
            3574500,
            2731400,
            3194600,
            2025500,
            1685500,
            311000,
            -1917500,
            3171000,
            2428000,
            3371900,
            1454000
        ]
    },
    {
        "BRAND": "V",
        "CHANNEL": "자사몰",
        "DIVISION": "기획전",
        "PROMO_TYPE": "전사",
        "IS_EXCLUSIVE": false,
        "PROMO_NAME": "김지원 25SS 1차",
        "START_DATE": "2025-02-25",
        "END_DATE": "2025-03-25",
        "STATUS": "closed",
        "SLOT": "메인배너",
        "IMAGE_URL": "",
        "BENEFIT_TYPE": "",
        "BENEFIT_DETAIL": "",
        "GOAL_SALES": 0,
        "MD_COMMENT": "",
        "ACTUAL_SALES": 70917970,
        "DAILY_TREND": [
            2470400,
            3242500,
            2764100,
            3574500,
            2731400,
            3194600,
            2025500,
            1685500,
            311000,
            -1917500,
            3171000,
            2428000,
            3371900,
            1454000,
            1035500,
            -1550500,
            2204000,
            2959900,
            2275000,
            1604670,
            -330000,
            5762400,
            3298000,
            3150400,
            8201900,
            3657000,
            5543400,
            213500,
            2385900
        ]
    },
    {
        "BRAND": "V",
        "CHANNEL": "자사몰",
        "DIVISION": "프로모션",
        "PROMO_TYPE": "전사",
        "IS_EXCLUSIVE": false,
        "PROMO_NAME": "25SS 브랜드데이",
        "START_DATE": "2025-03-21",
        "END_DATE": "2025-04-06",
        "STATUS": "closed",
        "SLOT": "메인배너",
        "IMAGE_URL": "",
        "BENEFIT_TYPE": "",
        "BENEFIT_DETAIL": "",
        "GOAL_SALES": 0,
        "MD_COMMENT": "",
        "ACTUAL_SALES": 47658100,
        "DAILY_TREND": [
            8201900,
            3657000,
            5543400,
            213500,
            2385900,
            3107100,
            1115200,
            -162000,
            3084200,
            3245600,
            2133300,
            2363500,
            2002500,
            3603500,
            1358500,
            3464000,
            2341000
        ]
    },
    {
        "BRAND": "V",
        "CHANNEL": "자사몰",
        "DIVISION": "기획전",
        "PROMO_TYPE": "전사",
        "IS_EXCLUSIVE": false,
        "PROMO_NAME": "가방 기획전",
        "START_DATE": "2025-03-28",
        "END_DATE": "2025-04-20",
        "STATUS": "closed",
        "SLOT": "메인배너",
        "IMAGE_URL": "",
        "BENEFIT_TYPE": "",
        "BENEFIT_DETAIL": "",
        "GOAL_SALES": 0,
        "MD_COMMENT": "",
        "ACTUAL_SALES": 60473620,
        "DAILY_TREND": [
            -162000,
            3084200,
            3245600,
            2133300,
            2363500,
            2002500,
            3603500,
            1358500,
            3464000,
            2341000,
            3298500,
            5919700,
            4505100,
            4631000,
            1323900,
            3688500,
            4637900,
            -644500,
            3468500,
            -1089780,
            416000,
            2747900,
            2815500,
            1321300
        ]
    }
]